@ARTICLE{1914ApJ....39..341A,
   author = {{Adams}, W.~S. and {Kohlschutter}, A.},
    title = "{The radial velocities of one hundred stars with measured parallaxes.}",
  journal = {\apj},
     year = 1914,
    month = may,
   volume = 39,
    pages = {341-349},
      doi = {10.1086/142088},
   adsurl = {http://adsabs.harvard.edu/abs/1914ApJ....39..341A},
  adsnote = {Provided by the SAO/NASA Astrophysics Data System}
}

@article{Akaike,
author={{Akaike}, H.},
year= 1974,
title="{A new look at the statistical model identification}",
journal="{IEEE Transactions on Automatic Control}",
volume=19,
pages=716
}


@ARTICLE{2008A&A...490..135A,
   author = {{Antoja}, T. and {Figueras}, F. and {Fern{\'a}ndez}, D. and 
{Torra}, J.},
    title = "{Origin and Evolution of Moving Groups. I. Characterization in the Observational Kinematic-age-metallicity Space}",
  journal = {\aap},
     year = 2008,
   volume = 490,
    pages = {135},
   adsurl = {http://adsabs.harvard.edu/abs/2008A%26A...490..135A},
  adsnote = {Provided by the SAO/NASA Astrophysics Data System}
}

@ARTICLE{1999A&A...341..427A,
   author = {{Asiain}, R. and {Figueras}, F. and {Torra}, J. and {Chen}, B.},
    title = "{Detection of moving groups among early type stars}",
  journal = {\aap},
 keywords = {STARS: EARLY-TYPE, STARS: FUNDAMENTAL PARAMETERS, STARS: HERTZSPRUNG-RUSSEL (HR) AND C-M DIAGRAMS, STARS: KINEMATICS GALAXY: SOLAR NEIGHBOURHOOD},
     year = 1999,
    month = jan,
   volume = 341,
    pages = {427-436},
   adsurl = {http://adsabs.harvard.edu/abs/1999A%26A...341..427A},
  adsnote = {Provided by the SAO/NASA Astrophysics Data System}
}


@INPROCEEDINGS{baade1958a,
author= {{Baade}, W.},
title="{Galaxies and Their Stellar Populations: A Review of the Present State of Affairs}",
editor={{O'Connell}, D.~J.~K.},
booktitle="{Stellar Populations: Proceedings of the conference sponsored by the Pontifical Academy of Science and the Vatican Observatory, May 20-28, 1957}",
publisher="{North-Holland Pub.~Co.}",
address= "{Amsterdam}",
year=1958,
pages=3
}

@ARTICLE{1944ApJ...100..137B,
   author = {{Baade}, W.},
    title = "{The Resolution of Messier 32, NGC 205, and the Central Region of the Andromeda Nebula.}",
  journal = {\apj},
     year = 1944,
    month = sep,
   volume = 100,
    pages = {137-+},
      doi = {10.1086/144650},
   adsurl = {http://adsabs.harvard.edu/abs/1944ApJ...100..137B},
  adsnote = {Provided by the SAO/NASA Astrophysics Data System}
}

@ARTICLE{1980ApJS...44...73B,
   author = {{Bahcall}, J.~N. and {Soneira}, R.~M.},
    title = "{The universe at faint magnitudes. I - Models for the galaxy and the predicted star counts}",
  journal = {\apjs},
 keywords = {ASTRONOMICAL MODELS, GALACTIC STRUCTURE, MILKY WAY GALAXY, STAR DISTRIBUTION, STELLAR MAGNITUDE, COSMOLOGY, GALACTIC NUCLEI, QUASARS, UNIVERSE},
     year = 1980,
    month = sep,
   volume = 44,
    pages = {73-110},
      doi = {10.1086/190685},
   adsurl = {http://adsabs.harvard.edu/abs/1980ApJS...44...73B},
  adsnote = {Provided by the SAO/NASA Astrophysics Data System}
}


@ARTICLE{1984ApJS...55...67B,
   author = {{Bahcall}, J.~N. and {Soneira}, R.~M.},
    title = "{Comparisons of a standard galaxy model with stellar observations in five fields}",
  journal = {\apjs},
 keywords = {ASTRONOMICAL MODELS, GALACTIC STRUCTURE, MILKY WAY GALAXY, STAR DISTRIBUTION, STELLAR COLOR, ACCURACY, DISKS, HORIZONTAL BRANCH STARS, STELLAR LUMINOSITY},
     year = 1984,
    month = may,
   volume = 55,
    pages = {67-99},
      doi = {10.1086/190948},
   adsurl = {http://adsabs.harvard.edu/abs/1984ApJS...55...67B},
  adsnote = {Provided by the SAO/NASA Astrophysics Data System}
}


@ARTICLE{2000A&AS..142..217B,
   author = {{Barbier-Brossat}, M. and {Figon}, P.},
    title = "{Catalogue g{\'e}n{\'e}ral de vitesses radiales moyennes pour les {\'e}toiles galactiques. Mean radial velocities catalog of galactic stars}",
  journal = {\aaps},
 keywords = {CATALOGS, STARS: GENERAL, STARS: KINEMATICS},
     year = 2000,
    month = mar,
   volume = 142,
    pages = {217-223},
      doi = {10.1051/aas:2000149},
   adsurl = {http://adsabs.harvard.edu/abs/2000A%26AS..142..217B},
  adsnote = {Provided by the SAO/NASA Astrophysics Data System}
}


@ARTICLE{1999A&A...341...86B,
   author = {{Bienaym{\'e}}, O.},
    title = "{The local stellar velocity distribution of the Galaxy. Galactic structure and potential}",
  journal = {\aap},
   eprint = {arXiv:astro-ph/9810079},
 keywords = {STARS: KINEMATICS, GALAXY: FUNDAMENTAL PARAMETERS, GALAXY: KINEMATICS AND DYNAMICS, GALAXY: SOLAR NEIGHBOURHOOD, GALAXY: STRUCTURE, COSMOLOGY: DARK MATTER},
     year = 1999,
    month = jan,
   volume = 341,
    pages = {86-97},
   adsurl = {http://adsabs.harvard.edu/abs/1999A%26A...341...86B},
  adsnote = {Provided by the SAO/NASA Astrophysics Data System}
}

@INPROCEEDINGS{1997ESASP.402..473B,
   author = {{Binney}, J.~J. and {Dehnen}, W. and {Houk}, N. and {Murray}, C.~A. and 
{Penston}, M.~J.},
    title = "{The Kinematics of Main Sequence Stars from HIPPARCOS Data}",
booktitle = {Hipparcos - Venice '97},
     year = 1997,
   series = {ESA Special Publication},
   volume = 402,
    month = aug,
    pages = {473},
   adsurl = {http://adsabs.harvard.edu/abs/1997ESASP.402..473B},
  adsnote = {Provided by the SAO/NASA Astrophysics Data System}
}

@BOOK{2008gady.book.....B,
   author = {{Binney}, J. and {Tremaine}, S.},
    title = "{Galactic Dynamics: Second Edition}",
     year = 2008,
publisher = {Princeton University Press},
   adsurl = {http://adsabs.harvard.edu/abs/2008gady.book.....B},
  adsnote = {Provided by the SAO/NASA Astrophysics Data System}
}


@BOOK{1998gaas.book.....B,
   author = {{Binney}, J. and {Merrifield}, M.},
    title = "{Galactic Astronomy}",
publisher = {Princeton University Press},
     year = 1998,
   adsurl = {http://adsabs.harvard.edu/abs/1998gaas.book.....B},
  adsnote = {Provided by the SAO/NASA Astrophysics Data System}
}


@ARTICLE{1960MNRAS.121..123B,
   author = {{Blaauw}, A. and {Gum}, C.~S. and {Pawsey}, J.~L. and {Westerhout}, G.
},
    title = "{The New I.~A.~U. System of Galactic Coordinates (1958 Revision)}",
  journal = {\mnras},
     year = 1960,
   volume = 121,
    pages = {123},
   adsurl = {http://adsabs.harvard.edu/abs/1960MNRAS.121..123B},
  adsnote = {Provided by the SAO/NASA Astrophysics Data System}
}


@ARTICLE{2006ARep...50..733B,
   author = {{Bobylev}, V.~V. and {Goncharov}, G.~A. and {Bajkova}, A.~T.
},
    title = "{The OSACA database and a kinematic analysis of stars in the solar neighborhood}",
  journal = {Astron.~Rep.},
   eprint = {arXiv:astro-ph/0608243},
 keywords = {PACS numbers 98.35.Df, 98.35.Pr, 97.10.Wn},
     year = 2006,
    month = sep,
   volume = 50,
    pages = {733-747},
      doi = {10.1134/S1063772906090071},
   adsurl = {http://adsabs.harvard.edu/abs/2006ARep...50..733B},
  adsnote = {Provided by the SAO/NASA Astrophysics Data System}
}


@ARTICLE{1988ApJ...332..410B,
   author = {{Boesgaard}, A.~M. and {Budge}, K.~G.},
    title = "{Lithium in the Hyades, the Hyades moving group, and Praesepe}",
  journal = {\apj},
 keywords = {LITHIUM, METALLICITY, OPEN CLUSTERS, STELLAR COMPOSITION, ASTRONOMICAL CATALOGS, LINE SPECTRA, PRAESEPE STAR CLUSTERS},
     year = 1988,
    month = sep,
   volume = 332,
    pages = {410-420},
      doi = {10.1086/166665},
   adsurl = {http://adsabs.harvard.edu/abs/1988ApJ...332..410B},
  adsnote = {Provided by the SAO/NASA Astrophysics Data System}
}

@article{boss08a,
author={{Boss}, L.},
title="{Convergent of a Moving Cluster in \emph{Taurus}}",
journal={\aj},
volume=26,
pages={31},
year=1908
}

@ARTICLE{1911AJ.....27...33B,
   author = {{Boss}, B.},
    title = "{Community of motion among several stars of large proper-motion}",
  journal = {\aj},
     year = 1911,
    month = nov,
   volume = 27,
    pages = {33-37},
      doi = {10.1086/103931},
   adsurl = {http://adsabs.harvard.edu/abs/1911AJ.....27...33B},
  adsnote = {Provided by the SAO/NASA Astrophysics Data System}
}


@ARTICLE{1975PASP...87...17B,
   author = {{Boyle}, R.~J. and {McClure}, R.~D.},
    title = "{DDO intermediate-band photometry of moving-group stars.}",
  journal = {\pasp},
     year = 1975,
    month = feb,
   volume = 87,
    pages = {17-36},
      doi = {10.1086/129721},
   adsurl = {http://adsabs.harvard.edu/abs/1975PASP...87...17B},
  adsnote = {Provided by the SAO/NASA Astrophysics Data System}
}


@article{Bovy09a,
author={{Bovy}, J. and {Hogg}, D.~W. and {Roweis}, S.~T.},
title="{Extreme deconvolution: inferring complete distribution functions from noisy, heterogeneous and incomplete observations}",
journal="{arXiv:0905.2979 [stat.ME]}",
year= 2009
}

@article{Bovy09b,
author={{Bovy}, J. and {Hogg}, D.~W. and {Roweis}, S.~T.},
title="{The Velocity Distribution of Nearby stars from Hipparcos Data I. The Significance of the Moving Groups}",
journal="\apj",
volume=700,
pages=1794,
year= 2009
}

@article{Bovy10a,
author={{Bovy}, J. and {Hogg}, D.~W.},
title= "{The velocity distribution of nearby stars from Hipparcos data II. The nature of the low-velocity moving groups}",
journal="\apj",
volume=717,
pages=617,
year= 2010
}
@article{Bovy10b,
author={{Bovy}, J.},
title= "{Tracing the Hercules stream around the Galaxy}",
journal="\apj, in press",
year= 2010
}

@techreport{Bozdogan,
author={{Bozdogan}, H.},
title="{Determining the number of component clusters in the standard multivariate normal mixture model using model-selection criteria}",
year=1983,
institution="{TR UIC/DQM/A83-1, Quantitative Methods Dept., University of Illinois}"
}


@ARTICLE{1968PASP...80..578B,
   author = {{Breger}, M.},
    title = "{Abundance Homogeneity and Absolute Magnitudes of the Hyades Moving Group}",
  journal = {\pasp},
     year = 1968,
    month = oct,
   volume = 80,
    pages = {578-+},
      doi = {10.1086/128692},
   adsurl = {http://adsabs.harvard.edu/abs/1968PASP...80..578B},
  adsnote = {Provided by the SAO/NASA Astrophysics Data System}
}

@ARTICLE{1950ApJ...112..225B,
   author = {{Brown}, A.},
    title = "{On the Determination of the Convergent Point of a Moving Cluster from Proper Motions.}",
  journal = {\apj},
     year = 1950,
    month = sep,
   volume = 112,
    pages = {225-+},
      doi = {10.1086/145338},
   adsurl = {http://adsabs.harvard.edu/abs/1950ApJ...112..225B},
  adsnote = {Provided by the SAO/NASA Astrophysics Data System}
}

@ARTICLE{1990A&A...235...94C,
   author = {{Cabrera-Ca\~{n}o}, J. and {Alfaro}, E.~J.},
    title = "{A non-parametric approach to the membership problem in open clusters}",
  journal = {\aap},
 keywords = {COMPUTATIONAL ASTROPHYSICS, GALACTIC STRUCTURE, OPEN CLUSTERS, ASTRONOMICAL PHOTOMETRY, COLOR-MAGNITUDE DIAGRAM, KINEMATICS, NONPARAMETRIC STATISTICS, PROBABILITY DENSITY FUNCTIONS, RADIAL VELOCITY, STELLAR MOTIONS},
     year = 1990,
    month = aug,
   volume = 235,
    pages = {94-102},
   adsurl = {http://adsabs.harvard.edu/abs/1990A%26A...235...94C},
  adsnote = {Provided by the SAO/NASA Astrophysics Data System}
}

@ARTICLE{1940MNRAS.100..574C,
   author = {{Chaudhuri}, P.~C.},
    title = "{The 61 Cygni cluster}",
  journal = {\mnras},
     year = 1940,
    month = may,
   volume = 100,
    pages = {574-+},
   adsurl = {http://adsabs.harvard.edu/abs/1940MNRAS.100..574C},
  adsnote = {Provided by the SAO/NASA Astrophysics Data System}
}


@ARTICLE{1997A&A...318...29C,
   author = {{Chen}, B. and {Asiain}, R. and {Figueras}, F. and {Torra}, J.},
    title = "{Identification of moving groups from a sample of B, A and F type stars.}",
  journal = {\aap},
 keywords = {STARS: EARLY-TYPE, STARS: STATISTICS, (GALAXY): SOLAR NEIGHBOURHOOD, STARS: KINEMATICS},
     year = 1997,
    month = feb,
   volume = 318,
    pages = {29-36},
   adsurl = {http://adsabs.harvard.edu/abs/1997A%26A...318...29C},
  adsnote = {Provided by the SAO/NASA Astrophysics Data System}
}

@ARTICLE{1998A&A...340..384C,
   author = {{Chereul}, E. and {Creze}, M. and {Bienayme}, O.},
    title = "{The distribution of nearby stars in phase space mapped by HIPPARCOS. II. Inhomogeneities among A-F type stars}",
  journal = {\aap},
   eprint = {arXiv:astro-ph/9809263},
 keywords = {METHODS: DATA ANALYSIS, GALAXY: KINEMATICS AND DYNAMICS, GALAXY: OPEN CLUSTERS AND ASSOCIATIONS: GENERAL, GALAXY: SOLAR NEIGHBOURHOOD},
     year = 1998,
    month = dec,
   volume = 340,
    pages = {384-396},
   adsurl = {http://adsabs.harvard.edu/abs/1998A%26A...340..384C},
  adsnote = {Provided by the SAO/NASA Astrophysics Data System}
}


@ARTICLE{1999A&AS..135....5C,
   author = {{Chereul}, E. and {Cr{\'e}z{\'e}}, M. and {Bienaym{\'e}}, O.
},
    title = "{The distribution of nearby stars in phase space mapped by Hipparcos. Clustering and streaming among A-F type stars}",
  journal = {\aaps},
   eprint = {arXiv:astro-ph/9809264},
 keywords = {METHODS: DATA ANALYSIS, GALAXY: SOLAR NEIGHBOURHOOD, GALAXIES OPEN CLUSTERS AND ASSOCIATIONS, GALAXIES: KINEMATICS AND DYNAMICS},
     year = 1999,
    month = feb,
   volume = 135,
    pages = {5-28},
      doi = {10.1051/aas:1999160},
   adsurl = {http://adsabs.harvard.edu/abs/1999A%26AS..135....5C},
  adsnote = {Provided by the SAO/NASA Astrophysics Data System}
}

@ARTICLE{2004A&A...427..131C,
   author = {{Cubarsi}, R. and {Alcob{\'e}}, S.},
    title = "{Cumulants and symmetries in a trivariate normal mixture. A qualitative study of the local velocity distribution}",
  journal = {\aap},
 keywords = {Galaxy: kinematics and dynamics, stars: Population II, methods: analytical, methods: statistical, Galaxy: solar neighbourhood},
     year = 2004,
    month = nov,
   volume = 427,
    pages = {131-144},
      doi = {10.1051/0004-6361:20041144},
   adsurl = {http://adsabs.harvard.edu/abs/2004A%26A...427..131C},
  adsnote = {Provided by the SAO/NASA Astrophysics Data System}
}

@ARTICLE{1998MNRAS.298..387D,
   author = {{Dehnen}, W. and {Binney}, J.~J.},
    title = "{Local Stellar Kinematics from HIPPARCOS Data}",
  journal = {\mnras},
   eprint = {arXiv:astro-ph/9710077},
 keywords = {STARS: KINEMATICS, GALAXY: FUNDAMENTAL PARAMETERS, GALAXY: KINEMATICS AND DYNAMICS, SOLAR NEIGHBOURHOOD, GALAXY: STRUCTURE},
     year = 1998,
   volume = 298,
    pages = {387},
   adsurl = {http://adsabs.harvard.edu/abs/1998MNRAS.298..387D},
  adsnote = {Provided by the SAO/NASA Astrophysics Data System}
}


@ARTICLE{Dehnen00a,
author= {{Dehnen}, W.},
title= "{The Effect of the Outer Lindblad Resonance of the Galactic Bar on the Local Stellar Velocity Distribution}",
journal= {\aj},
volume= 119,
pages=800,
year=2000
}
@ARTICLE{1998AJ....115.2384D,
   author = {{Dehnen}, W.},
    title = "{The Distribution of Nearby Stars in Velocity Space Inferred from HIPPARCOS Data}",
  journal = {\aj},
     year = 1998,
   volume = 115,
    pages = {2384},
   adsurl = {http://adsabs.harvard.edu/abs/1998AJ....115.2384D},
  adsnote = {Provided by the SAO/NASA Astrophysics Data System}
}

@ARTICLE{2004MNRAS.350..627D,
   author = {{De Simone}, R. and {Wu}, X. and {Tremaine}, S.},
    title = "{The stellar velocity distribution in the solar neighbourhood}",
  journal = {\mnras},
     year = 2004,
    month = may,
   volume = 350,
    pages = {627},
}
@ARTICLE{1995A&AS..110..177D,
   author = {{Duflot}, M. and {Fehrenbach}, C. and {Mannone}, C. and {Burnage}, R. and 
{Genty}, V.},
    title = "{Mesures de vitesses radiales. VII. Accompagnement AU sol DU programme d'observation DU satellite Hipparcos. Radial velocities. VII. Ground based measurements for Hipparcos.}",
  journal = {\aaps},
 keywords = {TECHNIQUES: RADIAL VELOCITIES, GALAXY: KINEMATICS AND DYNAMICS},
     year = 1995,
    month = apr,
   volume = 110,
    pages = {177},
   adsurl = {http://adsabs.harvard.edu/abs/1995A%26AS..110..177D},
  adsnote = {Provided by the SAO/NASA Astrophysics Data System}
}


@ARTICLE{1995A&AS..114..269D,
   author = {{Duflot}, M. and {Figon}, P. and {Meyssonnier}, N.},
    title = "{Vitesses radiales. Catalogue WEB: Wilson Evans Batten. Subtittle: Radial velocities: The Wilson-Evans-Batten catalogue.}",
  journal = {\aaps},
 keywords = {RADIAL VELOCITIES, CATALOGUES, STARS: KINEMATIC},
     year = 1995,
    month = dec,
   volume = 114,
    pages = {269},
   adsurl = {http://adsabs.harvard.edu/abs/1995A%26AS..114..269D},
  adsnote = {Provided by the SAO/NASA Astrophysics Data System}
}


@ARTICLE{1906MNRAS..67...34E,
   author = {{Eddington}, A.~S.},
    title = "{Systematic motions of the Stars}",
  journal = {\mnras},
     year = 1906,
    month = nov,
   volume = 67,
    pages = {34-63},
   adsurl = {http://adsabs.harvard.edu/abs/1906MNRAS..67...34E},
  adsnote = {Provided by the SAO/NASA Astrophysics Data System}
}

@ARTICLE{1908MNRAS..68..588E,
   author = {{Eddington}, A.~S.},
    title = "{Star drifts (two), on the mathematical theory of, and on the systematic motions of zodiacal stars}",
  journal = {\mnras},
     year = 1908,
    month = jun,
   volume = 68,
    pages = {588-+},
   adsurl = {http://adsabs.harvard.edu/abs/1908MNRAS..68..588E},
  adsnote = {Provided by the SAO/NASA Astrophysics Data System}
}

@ARTICLE{1910MNRAS..71....4E,
   author = {{Eddington}, A.~S.},
    title = "{Stars, motion in space and the two-drift theory, The systematic motions of the stars of Prof. Boss's ''Preliminary General Catalogue,''}",
  journal = {\mnras},
     year = 1910,
    month = nov,
   volume = 71,
    pages = {4-+},
   adsurl = {http://adsabs.harvard.edu/abs/1910MNRAS..71....4E},
  adsnote = {Provided by the SAO/NASA Astrophysics Data System}
}


@ARTICLE{1910MNRAS..71...43E,
   author = {{Eddington}, A.~S.},
    title = "{Stars, motion in space, etc. Note on a moving cluster in Perseus}",
  journal = {\mnras},
     year = 1910,
    month = nov,
   volume = 71,
    pages = {43-+},
   adsurl = {http://adsabs.harvard.edu/abs/1910MNRAS..71...43E},
  adsnote = {Provided by the SAO/NASA Astrophysics Data System}
}


@ARTICLE{1983AJ.....88..813E,
   author = {{Eggen}, O.~J.},
    title = "{Calibrations of the reddening, luminosity, and abundance of old disk giants from photometry of stars in M67, NGC 3680, NGC 2420, and the Wolf 630 and Arcturus groups}",
  journal = {\aj},
 keywords = {ASTRONOMICAL PHOTOMETRY, INTERSTELLAR EXTINCTION, METALLICITY, RED GIANT STARS, STAR CLUSTERS, STELLAR LUMINOSITY, ASTROMETRY, BLUE STARS, GALACTIC CLUSTERS, HORIZONTAL BRANCH STARS, MAIN SEQUENCE STARS, RADIAL VELOCITY, STELLAR EVOLUTION, STELLAR MOTIONS},
     year = 1983,
    month = jun,
   volume = 88,
    pages = {813-824},
      doi = {10.1086/113368},
   adsurl = {http://adsabs.harvard.edu/abs/1983AJ.....88..813E},
  adsnote = {Provided by the SAO/NASA Astrophysics Data System}
}


@ARTICLE{1986AJ.....92..910E,
   author = {{Eggen}, O.~J.},
    title = "{Large and kinematically unbiased samples of G and K type stars. I - The dwarfs}",
  journal = {\aj},
 keywords = {DWARF STARS, G STARS, K STARS, MAIN SEQUENCE STARS, STELLAR EVOLUTION, ASTROMETRY, CARBON STARS, H BETA LINE, M STARS, STAR CLUSTERS, STELLAR COMPOSITION, STELLAR LUMINOSITY},
     year = 1986,
    month = oct,
   volume = 92,
    pages = {910-951},
      doi = {10.1086/114226},
   adsurl = {http://adsabs.harvard.edu/abs/1986AJ.....92..910E},
  adsnote = {Provided by the SAO/NASA Astrophysics Data System}
}

@ARTICLE{1959MNRAS.119..255E,
   author = {{Eggen}, O.~J. and {Sandage}, A.~R.},
    title = "{Stellar groups, IV. The Groombridge 1830 group of high velocity stars and its relation to the globular clusters}",
  journal = {\mnras},
     year = 1959,
   volume = 119,
    pages = {255-+},
   adsurl = {http://adsabs.harvard.edu/abs/1959MNRAS.119..255E},
  adsnote = {Provided by the SAO/NASA Astrophysics Data System}
}


@ARTICLE{1971PASP...83..271E,
   author = {{Eggen}, O.~J.},
    title = "{The Arcturus Group}",
  journal = {\pasp},
     year = 1971,
    month = jun,
   volume = 83,
    pages = {271-+},
      doi = {10.1086/129120},
   adsurl = {http://adsabs.harvard.edu/abs/1971PASP...83..271E},
  adsnote = {Provided by the SAO/NASA Astrophysics Data System}
}

@ARTICLE{1978ApJ...222..203E,
   author = {{Eggen}, O.~J.},
    title = "{Intermediate-band photometry of late-type stars. VII. The HR 1614 group of overabundant stars.}",
  journal = {\apj},
 keywords = {Late-Type Stars:Open Clusters, Late-Type Stars:Photometry, Main-Sequence Stars:Solar Neighborhood},
     year = 1978,
    month = may,
   volume = 222,
    pages = {203-208},
      doi = {10.1086/156135},
   adsurl = {http://adsabs.harvard.edu/abs/1978ApJ...222..203E},
  adsnote = {Provided by the SAO/NASA Astrophysics Data System}
}

@ARTICLE{1964RGOB...84..111E,
   author = {{Eggen}, O.~J.},
    title = "{A catalogue of high-velocity stars}",
  journal = {Roy.~Greenwich Obs.~Bull.},
 keywords = {STARS: CATALOGS, STARS: MOTION IN LINE OF SIGHT},
     year = 1964,
   volume = 84,
    pages = {111-203},
   adsurl = {http://adsabs.harvard.edu/abs/1964RGOB...84..111E},
  adsnote = {Provided by the SAO/NASA Astrophysics Data System}
}

@ARTICLE{1971PASP...83..251E,
   author = {{Eggen}, O.~J.},
    title = "{The {$\zeta$} Herculis, {$\sigma$} Puppis, {\isin} Indi, and {$\eta$} Cephei Groups of Old Disk Population Stars}",
  journal = {\pasp},
     year = 1971,
    month = jun,
   volume = 83,
    pages = {251-+},
      doi = {10.1086/129119},
   adsurl = {http://adsabs.harvard.edu/abs/1971PASP...83..251E},
  adsnote = {Provided by the SAO/NASA Astrophysics Data System}
}

@ARTICLE{1958MNRAS.118..154E,
   author = {{Eggen}, O.~J.},
    title = "{Stellar groups. II. The {$\zeta$} Herculis, {$\epsilon$} Indi and 61 Cygni groups of high-velocity stars}",
  journal = {\mnras},
     year = 1958,
   volume = 118,
    pages = {154-+},
   adsurl = {http://adsabs.harvard.edu/abs/1958MNRAS.118..154E},
  adsnote = {Provided by the SAO/NASA Astrophysics Data System}
}


@ARTICLE{1970PASP...82...99E,
   author = {{Eggen}, O.~J.},
    title = "{Chemical Homogenity and Absolute Magnitudes of Members of the Hyades and Wolf 630 Groups}",
  journal = {\pasp},
     year = 1970,
    month = feb,
   volume = 82,
    pages = {99-+},
      doi = {10.1086/128890},
   adsurl = {http://adsabs.harvard.edu/abs/1970PASP...82...99E},
  adsnote = {Provided by the SAO/NASA Astrophysics Data System}
}

@ARTICLE{1965Obs....85..191E,
   author = {{Eggen}, O.~J.},
    title = "{The Wolf 630 group}",
  journal = {The Observatory},
     year = 1965,
    month = oct,
   volume = 85,
    pages = {191-195},
   adsurl = {http://adsabs.harvard.edu/abs/1965Obs....85..191E},
  adsnote = {Provided by the SAO/NASA Astrophysics Data System}
}

@ARTICLE{1969PASP...81..553E,
   author = {{Eggen}, O.~J.},
    title = "{Stellar Groups in the Old Disk Population}",
  journal = {\pasp},
     year = 1969,
    month = oct,
   volume = 81,
    pages = {553-+},
      doi = {10.1086/128823},
   adsurl = {http://adsabs.harvard.edu/abs/1969PASP...81..553E},
  adsnote = {Provided by the SAO/NASA Astrophysics Data System}
}

@ARTICLE{1959Obs....79..182E,
   author = {{Eggen}, O.~J.},
    title = "{An attempt to test the reality of the gamma Leonis group by analysis of the GC proper motions}",
  journal = {The Observatory},
     year = 1959,
    month = oct,
   volume = 79,
    pages = {182-186},
   adsurl = {http://adsabs.harvard.edu/abs/1959Obs....79..182E},
  adsnote = {Provided by the SAO/NASA Astrophysics Data System}
}

@ARTICLE{1959Obs....79...88E,
   author = {{Eggen}, O.~J.},
    title = "{The gamma Leonis group of high velocity stars}",
  journal = {The Observatory},
     year = 1959,
    month = jun,
   volume = 79,
    pages = {88-95},
   adsurl = {http://adsabs.harvard.edu/abs/1959Obs....79...88E},
  adsnote = {Provided by the SAO/NASA Astrophysics Data System}
}


@ARTICLE{1958MNRAS.118...65E,
   author = {{Eggen}, O.~J.},
    title = "{Stellar groups. I. The Hyades and Sirius groups}",
  journal = {\mnras},
     year = 1958,
   volume = 118,
    pages = {65-+},
   adsurl = {http://adsabs.harvard.edu/abs/1958MNRAS.118...65E},
  adsnote = {Provided by the SAO/NASA Astrophysics Data System}
}

@ARTICLE{1959Obs....79..143E,
   author = {{Eggen}, O.~J.},
    title = "{Further tests of the reality of the Hyades group}",
  journal = {The Observatory},
     year = 1959,
    month = aug,
   volume = 79,
    pages = {143-148},
   adsurl = {http://adsabs.harvard.edu/abs/1959Obs....79..143E},
  adsnote = {Provided by the SAO/NASA Astrophysics Data System}
}

@INPROCEEDINGS{1965gast.conf..111E,
   author = {{Eggen}, O.~J.},
    title = "{Moving Groups of Stars}",
booktitle = {Galactic Structure},
     year = 1965,
   editor = {{Blaauw}, A. and {Schmidt}, M.},
    month = jan,
    pages = {111},
   adsurl = {http://adsabs.harvard.edu/abs/1965gast.conf..111E},
  adsnote = {Provided by the SAO/NASA Astrophysics Data System}
}

@ARTICLE{1996AJ....111.1615E,
   author = {{Eggen}, O.~J.},
    title = "{The Stellar Content of Star Stream I}",
  journal = {\aj},
 keywords = {OPEN CLUSTERS AND ASSOCIATIONS: INDIVIDUAL: HYADES, STARS: ABUNDANCES},
     year = 1996,
    month = apr,
   volume = 111,
    pages = {1615},
      doi = {10.1086/117901},
   adsurl = {http://adsabs.harvard.edu/abs/1996AJ....111.1615E},
  adsnote = {Provided by the SAO/NASA Astrophysics Data System}
}

@ARTICLE{1996AJ....112.1595E,
   author = {{Eggen}, O.~J.},
    title = "{Star Streams and Galactic Structure}",
  journal = {\aj},
 keywords = {GALAXY STRUCTURE, GALAXY: KINEMATICS AND DYNAMICS},
     year = 1996,
    month = oct,
   volume = 112,
    pages = {1595},
      doi = {10.1086/118126},
   adsurl = {http://adsabs.harvard.edu/abs/1996AJ....112.1595E},
  adsnote = {Provided by the SAO/NASA Astrophysics Data System}
}




@BOOK{ESA97a,
author ={{ESA}},
title ="{The \emph{Hipparcos} and Tycho Catalogues}",
publisher = "{ESA SP-1200}",
address ="Noordwijk: ESA",
year = "1997"
}


@ARTICLE{2005A&A...430..165F,
   author = {{Famaey}, B. and {Jorissen}, A. and {Luri}, X. and {Mayor}, M. and 
{Udry}, S. and {Dejonghe}, H. and {Turon}, C.},
    title = "{Local Kinematics of K and M Giants from CORAVEL/Hipparcos/Tycho-2 Data.  Revisiting the Concept of Superclusters}",
  journal = {\aap},
   eprint = {arXiv:astro-ph/0409579},
 keywords = {Galaxy: kinematics and dynamics, Galaxy: disk, Galaxy: solar neighbourhood, Galaxy: evolution, Galaxy: structure, stars: kinematics},
     year = 2005,
   volume = 430,
    pages = {165},
   adsurl = {http://adsabs.harvard.edu/abs/2005A%26A...430..165F},
  adsnote = {Provided by the SAO/NASA Astrophysics Data System}
}

@ARTICLE{1997A&AS..124..255F,
   author = {{Fehrenbach}, C. and {Duflot}, M. and {Mannone}, C. and {Burnage}, R. and 
{Genty}, V.},
    title = "{Mesures de vitesses radiales. VIII. Accompagnement AU sol DU programme d'observation DU satellite HIPPARCOS}",
  journal = {\aaps},
 keywords = {TECHNIQUES: RADIAL VELOCITIES, CATALOGUES, GALAXY: KINEMATICS AND DYNAMICS},
     year = 1997,
    month = aug,
   volume = 124,
    pages = {255-257},
   adsurl = {http://adsabs.harvard.edu/abs/1997A%26AS..124..255F},
  adsnote = {Provided by the SAO/NASA Astrophysics Data System}
}


@INPROCEEDINGS{1997ESASP.402..519F,
   author = {{Figueras}, F. and {Gomez}, A.~E. and {Asiain}, R. and {Chen}, B. and {Comeron}, F. and {Grenier}, S. and {Lebreton}, Y. and {Moreno}, M. and {Sabas}, V. and {Torra}, J.},
    title = "{Identification of Moving Groups in a Sample of Early-Type Main-Sequence Stars}",
booktitle = {Hipparcos - Venice '97},
     year = 1997,
   series = {ESA Special Publication},
   volume = 402,
    month = aug,
    pages = {519-524},
   adsurl = {http://adsabs.harvard.edu/abs/1997ESASP.402..519F},
  adsnote = {Provided by the SAO/NASA Astrophysics Data System}
}


@ARTICLE{2009arXiv0901.3503F,
   author = {{Francis}, C. and {Anderson}, E.},
    title = "{Galactic Spiral Structure}",
  journal = {arXiv:0901.3503 [astro-ph]},
 keywords = {Astrophysics - Galactic Astrophysics},
     year = 2009,
    month = jan,
   adsurl = {http://adsabs.harvard.edu/abs/2009arXiv0901.3503F},
  adsnote = {Provided by the SAO/NASA Astrophysics Data System}
}


@ARTICLE{1989Msngr..56...12G, 
author= {{Gerbaldi}, M. and others},
title =
   "{Complementary astrophysical data for Hipparcos stars. (1)
   Astrophysical fundamental parameters of early-type Hipparcos
   stars. (2) Radial velocities of southern late-type Hipparcos
   stars. Profile of two key programmes.}", 
journal = {ESO Messenger},
keywords = {Hipparcos: Space Astrometry}, year = 1989, month = jun,
volume = 56, 
pages = {12-15}, 
adsurl =
   {http://adsabs.harvard.edu/abs/1989Msngr..56...12G}, 
adsnote =
   {Provided by the SAO/NASA Astrophysics Data System} 
}

@ARTICLE{ghigna98a,
   author = {{Ghigna}, S. and {Moore}, B. and {Governato}, F. and {Lake}, G. and 
{Quinn}, T. and {Stadel}, J.},
title = "Dark matter haloes within clusters",
  journal = {\mnras},
   eprint = {arXiv:astro-ph/9801192},
 keywords = {METHODS: NUMERICAL, GALAXIES: CLUSTERS: GENERAL, GALAXIES: HALOES, COSMOLOGY: THEORY, DARK MATTER, LARGE-SCALE STRUCTURE OF UNIVERSE},
     year = 1998,
    month = oct,
   volume = 300,
    pages = {146-162},
   adsurl = {http://adsabs.harvard.edu/abs/1998MNRAS.300..146G},
  adsnote = {Provided by the SAO/NASA Astrophysics Data System}
}



@ARTICLE{1983MNRAS.202.1025G,
   author = {{Gilmore}, G. and {Reid}, N.},
    title = "{New light on faint stars. III - Galactic structure towards the South Pole and the Galactic thick disc}",
  journal = {\mnras},
 keywords = {GALACTIC STRUCTURE, SOUTHERN SKY, STELLAR LUMINOSITY, STELLAR MASS, STELLAR STRUCTURE, ASTRONOMICAL PHOTOMETRY, DENSITY DISTRIBUTION, METALLICITY, STAR DISTRIBUTION},
     year = 1983,
    month = mar,
   volume = 202,
    pages = {1025-1047},
   adsurl = {http://adsabs.harvard.edu/abs/1983MNRAS.202.1025G},
  adsnote = {Provided by the SAO/NASA Astrophysics Data System}
}

@ARTICLE{1990A&A...236...95G,
   author = {{Gomez}, A.~E. and {Delhaye}, J. and {Grenier}, S. and {Jaschek}, C. and {Arenou}, F. and {Jaschek}, M.},
    title = "{Local kinetic properties of Population I (B5-F5)-type stars and galactic disk evolution}",
  journal = {\aap},
 keywords = {A STARS, DISK GALAXIES, F STARS, GALACTIC EVOLUTION, SOLAR VELOCITY, ALGORITHMS, COMPUTATIONAL ASTROPHYSICS, DISTRIBUTION FUNCTIONS, STAR FORMATION, VELOCITY DISTRIBUTION},
     year = 1990,
    month = sep,
   volume = 236,
    pages = {95-98},
   adsurl = {http://adsabs.harvard.edu/abs/1990A%26A...236...95G},
  adsnote = {Provided by the SAO/NASA Astrophysics Data System}
}


@BOOK{Green85a,
author={{Green}, R.~M.},
title="{Spherical astronomy}",
year="1985",
publisher="Cambridge University Press"
}


@ARTICLE{1999A&AS..137..451G,
   author = {{Grenier}, S. and others},
title = "{Radial velocities. Measurements of 2800 B2-F5 stars for HIPPARCOS}",
  journal = {\aaps},
 keywords = {TECHNIQUES: RADIAL VELOCITIES, STARS: EARLY-TYPE, STARS: FUNDAMENTAL PARAMETERS},
     year = 1999,
    month = jun,
   volume = 137,
    pages = {451-456},
      doi = {10.1051/aas:1999489},
   adsurl = {http://adsabs.harvard.edu/abs/1999A%26AS..137..451G},
  adsnote = {Provided by the SAO/NASA Astrophysics Data System}
}

@ARTICLE{1999A&AS..135..503G,
   author = {{Grenier}, S. and {Burnage}, R. and {Faraggiana}, R. and {Gerbaldi}, M. and 
{Delmas}, F. and {G{\'o}mez}, A.~E. and {Sabas}, V. and {Sharif}, L.
},
    title = "{Radial velocities of HIPPARCOS southern B8-F2 type stars}",
  journal = {\aaps},
 keywords = {TECHNIQUES: SPECTROSCOPIC, STARS: EARLY, TYPE, STARS: FUNDAMENTAL PARAMETERS, BINARIES: SPECTROSCOPIC},
     year = 1999,
    month = mar,
   volume = 135,
    pages = {503-509},
      doi = {10.1051/aas:1999186},
   adsurl = {http://adsabs.harvard.edu/abs/1999A%26AS..135..503G},
  adsnote = {Provided by the SAO/NASA Astrophysics Data System}
}


@ARTICLE{1985A&A...145..331G,
   author = {{Grenier}, S. and {Gomez}, A.~E. and {Jaschek}, C. and {Jaschek}, M. and {Heck}, A.},
    title = "{Absolute-magnitude calibration of normal stars. V}",
  journal = {\aap},
 keywords = {MAIN SEQUENCE STARS, MAXIMUM LIKELIHOOD ESTIMATES, STAR DISTRIBUTION, STELLAR MAGNITUDE, A STARS, CALIBRATING, DWARF STARS, GIANT STARS, HERTZSPRUNG-RUSSELL DIAGRAM, OPEN CLUSTERS, STATISTICAL ANALYSIS, STELLAR EVOLUTION, STELLAR LUMINOSITY, STELLAR PARALLAX},
     year = 1985,
    month = apr,
   volume = 145,
    pages = {331-338},
   adsurl = {http://adsabs.harvard.edu/abs/1985A%26A...145..331G},
  adsnote = {Provided by the SAO/NASA Astrophysics Data System}
}


@ARTICLE{1911MNRAS..71..610H,
   author = {{Halm}, J.},
    title = "{Stars, motion in space, etc. Further considerations relating to the systematic motions of the stars}",
  journal = {\mnras},
     year = 1911,
    month = jun,
   volume = 71,
    pages = {610-639},
   adsurl = {http://adsabs.harvard.edu/abs/1911MNRAS..71..610H},
  adsnote = {Provided by the SAO/NASA Astrophysics Data System}
}

@ARTICLE{2003MNRAS.339..834H,
   author = {{Helmi}, A. and {White}, S.~D.~M. and {Springel}, V.},
    title = "{The phase-space structure of cold dark matter haloes: insights into the Galactic halo}",
  journal = {\mnras},
   eprint = {arXiv:astro-ph/0208041},
 keywords = {methods: numerical, Galaxy: formation, Galaxy: halo, Galaxy: kinematics and dynamics, galaxies: clusters: general, dark matter},
     year = 2003,
   volume = 339,
    pages = {834},
      doi = {10.1046/j.1365-8711.2003.06227.x},
   adsurl = {http://adsabs.harvard.edu/abs/2003MNRAS.339..834H},
  adsnote = {Provided by the SAO/NASA Astrophysics Data System}
}



@ARTICLE{1999Natur.402...53H,
   author = {{Helmi}, A. and {White}, S.~D.~M. and {de Zeeuw}, P.~T. and 
{Zhao}, H.},
    title = "{Debris Streams in the Solar Neighbourhood as Relicts from the Formation of the Milky Way}",
  journal = {\nat},
     year = 1999,
   volume = 402,
    pages = {53-55},
   adsurl = {http://adsabs.harvard.edu/abs/1999Natur.402...53H},
  adsnote = {Provided by the SAO/NASA Astrophysics Data System}
}


@ARTICLE{2006MNRAS.365.1309H,
   author = {{Helmi}, A. and {Navarro}, J.~F. and {Nordstr{\"o}m}, B. and 
{Holmberg}, J. and {Abadi}, M.~G. and {Steinmetz}, M.},
    title = "{Pieces of the puzzle: ancient substructure in the Galactic disc}",
  journal = {\mnras},
   eprint = {arXiv:astro-ph/0505401},
 keywords = {Galaxy: disc, Galaxy: evolution, Galaxy: kinematics and dynamics, solar neighbourhood, Galaxies: evolution, Galaxies: formation},
     year = 2006,
    month = feb,
   volume = 365,
    pages = {1309-1323},
   adsurl = {http://adsabs.harvard.edu/abs/2006MNRAS.365.1309H},
  adsnote = {Provided by the SAO/NASA Astrophysics Data System}
}


@ARTICLE{1909ApJ....30..135H,
   author = {{Hertzsprung}, E.},
    title = "{On new members of the system of the stars beta, gamma, delta, epsilon, zeta Ursae Majoris.}",
  journal = {\apj},
     year = 1909,
    month = sep,
   volume = 30,
    pages = {135-143},
      doi = {10.1086/141690},
   adsurl = {http://adsabs.harvard.edu/abs/1909ApJ....30..135H},
  adsnote = {Provided by the SAO/NASA Astrophysics Data System}
}


@ARTICLE{2000A&A...355L..27H,
   author = {{H{\o}g}, E. and {Fabricius}, C. and {Makarov}, V.~V. and {Urban}, S. and 
{Corbin}, T. and {Wycoff}, G. and {Bastian}, U. and {Schwekendiek}, P. and 
{Wicenec}, A.},
    title = "{The Tycho-2 catalogue of the 2.5 million brightest stars}",
  journal = {\aap},
 keywords = {ASTROMETRY, STARS: FUNDAMENTAL PARAMETERS, CATALOGS},
     year = 2000,
    month = mar,
   volume = 355,
    pages = {L27-L30},
   adsurl = {http://adsabs.harvard.edu/abs/2000A%26A...355L..27H},
  adsnote = {Provided by the SAO/NASA Astrophysics Data System}
}

@ARTICLE{2000A&A...357..367H,
   author = {{H{\o}g}, E. and {Fabricius}, C. and {Makarov}, V.~V. and {Bastian}, U. and 
{Schwekendiek}, P. and {Wicenec}, A. and {Urban}, S. and {Corbin}, T. and 
{Wycoff}, G.},
    title = "{Construction and verification of the Tycho-2 Catalogue}",
  journal = {\aap},
 keywords = {ASTROMETRY, TECHNIQUES: PHOTOMETRIC, CATALOGS, METHODS: DATA ANALYSIS},
     year = 2000,
    month = may,
   volume = 357,
    pages = {367-386},
   adsurl = {http://adsabs.harvard.edu/abs/2000A%26A...357..367H},
  adsnote = {Provided by the SAO/NASA Astrophysics Data System}
}



@ARTICLE{2007A&A...475..519H,
   author = {{Holmberg}, J. and {Nordstr{\"o}m}, B. and {Andersen}, J.},
    title = "{The Geneva-Copenhagen Survey of the Solar Neighbourhood II. New uvby Calibrations and Rediscussion of Stellar Ages, the G Dwarf Problem, Age-Metallicity Diagram, and Heating Mechanisms of the Disk}",
  journal = {\aap},
archivePrefix = "arXiv",
     year = 2007,
   volume = 475,
    pages = {519},
      doi = {10.1051/0004-6361:20077221},
   adsurl = {http://adsabs.harvard.edu/abs/2007A%26A...475..519H},
  adsnote = {Provided by the SAO/NASA Astrophysics Data System}
}


@ARTICLE{2008arXiv0811.3982H,
   author = {{Holmberg}, J. and {Nordstr{\"o}m}, B. and {Andersen}, J.},
    title = "{The Geneva-Copenhagen Survey of the Solar neighbourhood III. Improved distances, ages, and kinematics}",
  journal = {\aap},
     year = 2009,
volume= 501,
pages= 941
}



@ARTICLE{2005ApJ...629..268H,
   author = {{Hogg}, D.~W. and {Blanton}, M.~R. and {Roweis}, S.~T. and {Johnston}, K.~V.
},
title = "{Modeling Complete Distributions with Incomplete Observations: The Velocity Ellipsoid from Hipparcos Data}",
  journal = {\apj},
     year = 2005,
   volume = 629,
    pages = {268},
   adsurl = {http://adsabs.harvard.edu/abs/2005ApJ...629..268H},
  adsnote = {Provided by the SAO/NASA Astrophysics Data System}
}

@ARTICLE{1970AJ.....75..680I,
   author = {{Innanen}, K.~A. and {House}, F.~C.},
    title = "{A Numerical Investigation of Possible Origins of Moving Groups}",
  journal = {\aj},
     year = 1970,
    month = aug,
   volume = 75,
    pages = {680-+},
      doi = {10.1086/111009},
   adsurl = {http://adsabs.harvard.edu/abs/1970AJ.....75..680I},
  adsnote = {Provided by the SAO/NASA Astrophysics Data System}
}


@ARTICLE{2008arXiv0805.2366I,
   author = {{Ivezic}, Z. and others},
title = "{LSST: from Science Drivers to Reference Design and Anticipated Data Products}",
  journal = {arXiv:0805.2366 [astro-ph]},
 keywords = {Astrophysics},
     year = 2008,
    month = may,
   adsurl = {http://adsabs.harvard.edu/abs/2008arXiv0805.2366I},
  adsnote = {Provided by the SAO/NASA Astrophysics Data System}
}

@ARTICLE{2008ApJ...684..287I,
   author = {{Ivezi{\'c}}, {\v Z}. and others},
title = "{The Milky Way Tomography with SDSS. II. Stellar Metallicity}",
  journal = {\apj},
archivePrefix = "arXiv",
   eprint = {0804.3850},
 keywords = {Galaxy: Halo, Galaxy: Kinematics and Dynamics, Galaxy: Stellar Content, Galaxy: Structure, Methods: Data Analysis, Stars: Statistics},
     year = 2008,
    month = sep,
   volume = 684,
    pages = {287-325},
      doi = {10.1086/589678},
   adsurl = {http://adsabs.harvard.edu/abs/2008ApJ...684..287I},
  adsnote = {Provided by the SAO/NASA Astrophysics Data System}
}




@ARTICLE{1987AJ.....93..864J,
   author = {{Johnson}, D.~R.~H. and {Soderblom}, D.~R.},
    title = "{Calculating galactic space velocities and their uncertainties, with an application to the Ursa Major group}",
  journal = {\aj},
 keywords = {A STARS, COMPUTATIONAL ASTROPHYSICS, ECLIPSING BINARY STARS, SPATIAL DISTRIBUTION, STELLAR MOTIONS, VELOCITY DISTRIBUTION, RADIAL VELOCITY, STAR CLUSTERS, STELLAR PARALLAX},
     year = 1987,
    month = apr,
   volume = 93,
    pages = {864-867},
   adsurl = {http://adsabs.harvard.edu/abs/1987AJ.....93..864J},
  adsnote = {Provided by the SAO/NASA Astrophysics Data System}
}


@ARTICLE{johnston98a,
   author = {{Johnston}, K.~V.},
    title = "A Prescription for Building the {Milky Way's} Halo from Disrupted Satellites",
  journal = {\apj},
   eprint = {arXiv:astro-ph/9710007},
 keywords = {GALAXY: FORMATION, GALAXY: EVOLUTION, GALAXY: HALO, GALAXY: KINEMATICS AND DYNAMICS, GALAXIES: INTERACTIONS, GALAXIES: MAGELLANIC CLOUDS},
     year = 1998,
    month = mar,
   volume = 495,
    pages = {297-+},
      doi = {10.1086/305273},
   adsurl = {http://adsabs.harvard.edu/abs/1998ApJ...495..297J},
  adsnote = {Provided by the SAO/NASA Astrophysics Data System}
}


@article{kapteyn05a,
author={{Kapteyn}, J. C.},
title="{Star Streaming}",
journal="{British Assoc.~Adv.~Sci.~Rep.}",
volume="Sec.~A",
pages="257",
year="1905"
}


@ARTICLE{1910ApJ....32...83K,
   author = {{Kapteyn}, J.~C. and {Frost}, E.~B.},
    title = "{On the velocity of the Sun's motion through space as derived from the radial velocity of Orion stars.}",
  journal = {\apj},
     year = 1910,
    month = jul,
   volume = 32,
    pages = {83-90},
      doi = {10.1086/141786},
   adsurl = {http://adsabs.harvard.edu/abs/1910ApJ....32...83K},
  adsnote = {Provided by the SAO/NASA Astrophysics Data System}
}

@ARTICLE{1914ApJ....40...43K,
   author = {{Kapteyn}, J.~C.},
    title = "{On the individual parallaxes of the brighter galactic helium stars in the southern hemisphere, together with considerations on the parallax of stars in general.}",
  journal = {\apj},
     year = 1914,
    month = jul,
   volume = 40,
    pages = {43-126},
      doi = {10.1086/142098},
   adsurl = {http://adsabs.harvard.edu/abs/1914ApJ....40...43K},
  adsnote = {Provided by the SAO/NASA Astrophysics Data System}
}



@ARTICLE{2007AN....328..889K,
   author = {{Kharchenko}, N.~V. and {Scholz}, R.-D. and {Piskunov}, A.~E. and 
{R{\"o}ser}, S. and {Schilbach}, E.},
    title = "{Astrophysical supplements to the ASCC-2.5: Ia. Radial velocities of {\tilde}55000 stars and mean radial velocities of 516 Galactic open clusters and associations}",
  journal = {Astronomische Nachrichten},
archivePrefix = "arXiv",
   eprint = {0705.0878},
 keywords = {catalogs, open clusters and associations: general},
     year = 2007,
   volume = 328,
    pages = {889-+},
      doi = {10.1002/asna.200710776},
   adsurl = {http://adsabs.harvard.edu/abs/2007AN....328..889K},
  adsnote = {Provided by the SAO/NASA Astrophysics Data System}
}


@ARTICLE{1890AN....125...65K,
   author = {{Kobold}, H.~A.},
    title = "{{\"U}ber die Bewegungen im Fixsternsysteme}",
  journal = {Astronomische Nachrichten},
     year = 1890,
   volume = 125,
    pages = {65-+},
      doi = {10.1002/asna.18901250502},
   adsurl = {http://adsabs.harvard.edu/abs/1890AN....125...65K},
  adsnote = {Provided by the SAO/NASA Astrophysics Data System}
}


@Article{Koposov:2009ru,
author = {{Koposov}, S.~E. and {Yoo}, J. and {Rix}, H.-W. and {Weinberg}, D.~H. and {Macci{\`o}}, A.~V. and {Escud{\'e}}, J.~M.},
    title = "{A Quantitative Explanation of the Observed Population of Milky Way Satellite Galaxies}",
  journal = {\apj},
archivePrefix = "arXiv",
   eprint = {0901.2116},
 keywords = {Galaxy: formation, Galaxy: halo, Galaxy: structure, Local Group },
     year = 2009,
    month = may,
   volume = 696,
    pages = {2179-2194},
      doi = {10.1088/0004-637X/696/2/2179},
   adsurl = {http://adsabs.harvard.edu/abs/2009ApJ...696.2179K},
  adsnote = {Provided by the SAO/NASA Astrophysics Data System}
}


@ARTICLE{koposov,
   author = {{Koposov}, S.~E. and others},
    title = "The Luminosity Function of the {Milky Way} Satellites",
  journal = {\apj},
archivePrefix = "arXiv",
   eprint = {0706.2687},
 keywords = {Galaxy: Formation, Galaxy: Halo, Galaxy: Structure, Galaxies: Local Group},
     year = 2008,
    month = oct,
   volume = 686,
    pages = {279-291},
      doi = {10.1086/589911}
}

@article{Lindblad25a,
   author = {{Lindblad}, B.},
title="{}",
journal="{Ark.~Mat.~Astr,~Fys.}",
volume={Bd 19A},
pages={Nos.~21,27,35},
year=1925
}
@article{Lindblad25b,
   author = {{Lindblad}, B.},
title="{}",
journal="{Ark.~Mat.~Astr,~Fys.}",
volume={Bd 19B},
pages={No.~7},
year=1925
}

@ARTICLE{1927MNRAS..87..553L,
   author = {{Lindblad}, B.},
    title = "{On the state of motion in the galactic system}",
  journal = {\mnras},
     year = 1927,
    month = may,
   volume = 87,
    pages = {553-564},
   adsurl = {http://adsabs.harvard.edu/abs/1927MNRAS..87..553L},
  adsnote = {Provided by the SAO/NASA Astrophysics Data System}
}

@ARTICLE{1996A&AS..117..405L,
   author = {{Luri}, X. and {Mennessier}, M.~O. and {Torra}, J. and {Figueras}, F.
},
    title = "{A new maximum likelihood method for luminosity calibrations.}",
  journal = {\aaps},
 keywords = {METHODS: STATISTICAL, STARS: FUNDAMENTAL PARAMETERS, STARS: KINEMATICS, GALAXY: STELLAR CONTENT},
     year = 1996,
    month = jun,
   volume = 117,
    pages = {405-415},
   adsurl = {http://adsabs.harvard.edu/abs/1996A%26AS..117..405L},
  adsnote = {Provided by the SAO/NASA Astrophysics Data System}
}


@book{madler47,
   author = {{M{\"a}dler}, J.~H.},
    title = "{Untersuchungen {\"u}ber die Fixstern-systeme}",
     year = 1847,
publisher = "Mitau",
address = "Lepizig"
}

@article{1846AN.....24..213M,
   author = {{M{\"a}dler}, J.~H.},
    title = "{Die Centralsonne. Von Herrn Hofrath M{\"a}dler, Director der Sterbwarte in Dorpat}",
  journal = {AN},
     year = 1846,
   volume = 24,
    pages = {213-+},
      doi = {10.1002/asna.18460241502},
   adsurl = {http://adsabs.harvard.edu/abs/1846AN.....24..213M},
  adsnote = {Provided by the SAO/NASA Astrophysics Data System}
}

@ARTICLE{1983MNRAS.204..841M,
   author = {{McDonald}, A.~R.~E. and {Hearnshaw}, J.~B.},
    title = "{The Wolf 630 moving group of stars}",
  journal = {\mnras},
 keywords = {KOLMOGOROFF-SMIRNOFF TEST, LATE STARS, RADIAL VELOCITY, STAR CLUSTERS, STELLAR MOTIONS, COLOR-MAGNITUDE DIAGRAM, RANDOM ERRORS, STELLAR COLOR, STELLAR MAGNITUDE, STELLAR PARALLAX},
     year = 1983,
    month = aug,
   volume = 204,
    pages = {841-852},
   adsurl = {http://adsabs.harvard.edu/abs/1983MNRAS.204..841M},
  adsnote = {Provided by the SAO/NASA Astrophysics Data System}
}


@INPROCEEDINGS{1989wtfm.conf..239M,
   author = {{Murenzi}, R.},
    title = "{Wavelet Transforms Associated to the n-Dimensional Euclidean Group with Dilations: Signal in More Than One Dimension}",
booktitle = {Wavelets. Time-Frequency Methods and Phase Space},
     year = 1989,
   editor = {{Combes}, J.-M. and {Grossmann}, A. and {Tchamitchian}, P.},
    pages = {239-+},
   adsurl = {http://adsabs.harvard.edu/abs/1989wtfm.conf..239M},
  adsnote = {Provided by the SAO/NASA Astrophysics Data System}
}


@ARTICLE{2004ApJ...601L..43N,
   author = {{Navarro}, J.~F. and {Helmi}, A. and {Freeman}, K.~C.},
    title = "{The Extragalactic Origin of the Arcturus Group}",
  journal = {\apjl},
   eprint = {arXiv:astro-ph/0311107},
 keywords = {Galaxy: Disk, Galaxy: Formation, Galaxy: Structure},
     year = 2004,
    month = jan,
   volume = 601,
    pages = {L43-L46},
      doi = {10.1086/381751},
   adsurl = {http://adsabs.harvard.edu/abs/2004ApJ...601L..43N},
  adsnote = {Provided by the SAO/NASA Astrophysics Data System}
}

@ARTICLE{1991PASP..103...95N,
   author = {{Nemec}, J.~M. and {Nemec}, A.~F.~L.},
    title = "{Mixture models for studying stellar populations. I - Univariate mixture models, parameter estimation, and the number of discrete population components}",
  journal = {\pasp},
 keywords = {MILKY WAY GALAXY, STAR DISTRIBUTION, STELLAR MODELS, ABUNDANCE, GALACTIC STRUCTURE, GLOBULAR CLUSTERS, MAXIMUM LIKELIHOOD ESTIMATES, METALLICITY, SOLAR NEIGHBORHOOD},
     year = 1991,
    month = jan,
   volume = 103,
    pages = {95-121},
      doi = {10.1086/132800},
   adsurl = {http://adsabs.harvard.edu/abs/1991PASP..103...95N},
  adsnote = {Provided by the SAO/NASA Astrophysics Data System}
}
@ARTICLE{1993AJ....105.1455N,
   author = {{Nemec}, J.~M. and {Nemec}, A.~F.~L.},
    title = "{Mixture models for studying stellar populations. II - Multivariate finite mixture models}",
  journal = {\aj},
 keywords = {ASTRONOMICAL MODELS, MULTIVARIATE STATISTICAL ANALYSIS, STAR DISTRIBUTION, KINEMATICS, METALLICITY, MIXING, SOLAR NEIGHBORHOOD},
     year = 1993,
    month = apr,
   volume = 105,
    pages = {1455-1471},
      doi = {10.1086/116523},
   adsurl = {http://adsabs.harvard.edu/abs/1993AJ....105.1455N},
  adsnote = {Provided by the SAO/NASA Astrophysics Data System}
}

@ARTICLE{2004A&A...418..989N,
   author = {{Nordstr{\"o}m}, B. and {Mayor}, M. and {Andersen}, J. and {Holmberg}, J. and 
{Pont}, F. and {J{\o}rgensen}, B.~R. and {Olsen}, E.~H. and 
{Udry}, S. and {Mowlavi}, N.},
title = "{The Geneva-Copenhagen Survey of the Solar Neighbourhood. Ages, Metallicities, and Kinematic Properties of {$\sim\!$}14 000 F and G Dwarfs}",
  journal = {\aap},
     year = 2004,
   volume = 418,
    pages = {989},
   adsurl = {http://adsabs.harvard.edu/abs/2004A%26A...418..989N},
  adsnote = {Provided by the SAO/NASA Astrophysics Data System}
}


@ARTICLE{1970SvA....13..934O,
   author = {{Ogorodnikov}, K.~F. and {Latyshev}, I.~N.},
    title = "{Studies of Local Star Streams. II. The Ursa Major Stream.}",
  journal = {Soviet Astronomy},
     year = 1970,
    month = jun,
   volume = 13,
    pages = {934-+},
   adsurl = {http://adsabs.harvard.edu/abs/1970SvA....13..934O},
  adsnote = {Provided by the SAO/NASA Astrophysics Data System}
}

@ARTICLE{1968SvA....12..279O,
   author = {{Ogorodnikov}, K.~F. and {Latyshev}, I.~N.},
    title = "{Studies of Local Star Streams. I. The Hyades Stream}",
  journal = {Soviet Astronomy},
     year = 1968,
    month = oct,
   volume = 12,
    pages = {279-+},
   adsurl = {http://adsabs.harvard.edu/abs/1968SvA....12..279O},
  adsnote = {Provided by the SAO/NASA Astrophysics Data System}
}

@ARTICLE{Ohlsson32a,
author={{Ohlsson}, J.},
title="{The conversion of equatorial coordinates into galactic co-ordinates}",
journal="Ann.~Lund Obs.",
volume="6",
year="1932"
}


@ARTICLE{1927BAN.....3..275O,
   author = {{Oort}, J.~H.},
    title = "{Observational evidence confirming Lindblad's hypothesis of a rotation of the galactic system}",
  journal = {\bain},
    year = 1927,
    month = apr,
   volume = 3,
    pages = {275-+},
   adsurl = {http://adsabs.harvard.edu/abs/1927BAN.....3..275O},
  adsnote = {Provided by the SAO/NASA Astrophysics Data System}
}


@INPROCEEDINGS{oort58a,
author= {{Oort}, J.~H.},
title="{}",
editor={{O'Connell}, D.~J.~K.},
booktitle="{Stellar Populations: Proceedings of the conference sponsored by the Pontifical Academy of Science and the Vatican Observatory, May 20-28, 1957}",
publisher="{North-Holland Pub.~Co.}",
address= "{Amsterdam}",
year=1958,
pages=515
}


@ARTICLE{2001A&A...369..339P,
   author = {{Perryman}, M.~A.~C. and others},
    title = "{GAIA: Composition, formation and evolution of the Galaxy}",
  journal = {\aap},
   eprint = {arXiv:astro-ph/0101235},
 keywords = {INSTRUMENTATION: MISCELLANEOUS, SPACE VEHICLES: INSTRUMENTS, ASTROMETRY, GALAXY: GENERAL, TECHNIQUES: PHOTOMETRIC, TECHNIQUES: RADIAL VELOCITIES},
     year = 2001,
    month = apr,
   volume = 369,
    pages = {339-363},
      doi = {10.1051/0004-6361:20010085},
   adsurl = {http://adsabs.harvard.edu/abs/2001A%26A...369..339P},
  adsnote = {Provided by the SAO/NASA Astrophysics Data System}
}
   author = {{Perryman}, M.~A.~C. and {de Boer}, K.~S. and {Gilmore}, G. and 
{H{\o}g}, E. and {Lattanzi}, M.~G. and {Lindegren}, L. and {Luri}, X. and 
{Mignard}, F. and {Pace}, O. and {de Zeeuw}, P.~T.},


@ARTICLE{1913MNRAS..73..492P,
   author = {{Plummer}, H.~C.},
    title = "{Stars, Motions and distances, On the motions and distances of the Pleiades and other groups of stars}",
  journal = {\mnras},
     year = 1913,
    month = may,
   volume = 73,
    pages = {492-+},
   adsurl = {http://adsabs.harvard.edu/abs/1913MNRAS..73..492P},
  adsnote = {Provided by the SAO/NASA Astrophysics Data System}
}


@ARTICLE{proctor69a,
author={{Proctor}, R. A.},
title="{Preliminary Paper on Certain Drifting Motions of the Stars}",
journal={Proc.~Roy.~Soc.~London},
volume="18",
pages="169",
year="1869"
}

@ARTICLE{1988Ap&SS.145...61P,
   author = {{Proust}, D. and {Foy}, R.},
    title = "{Detailed analysis of cool stars}",
  journal = {\apss},
 keywords = {COOL STARS, MILKY WAY GALAXY, STELLAR COMPOSITION, STELLAR SPECTROPHOTOMETRY, ABUNDANCE, GALACTIC EVOLUTION, IRON, METALLICITY, SPECTRAL LINE WIDTH, STELLAR ATMOSPHERES},
     year = 1988,
    month = jun,
   volume = 145,
    pages = {61-115},
      doi = {10.1007/BF00645695},
   adsurl = {http://adsabs.harvard.edu/abs/1988Ap%26SS.145...61P},
  adsnote = {Provided by the SAO/NASA Astrophysics Data System}
}

@ARTICLE{2005AJ....130..576Q,
   author = {{Quillen}, A.~C. and {Minchev}, I.},
    title = "{The Effect of Spiral Structure on the Stellar Velocity Distribution in the Solar Neighborhood}",
  journal = {\aj},
     year = 2005,
    month = aug,
   volume = 130,
    pages = {576},
}

@ARTICLE{rasmuson21,
author = {{Rasmuson}, N.~H.},
title="{No Idea}",
journal={Med.~Lunds.~Obs.},
volume="{Ser.~II}",
pages="{No.~26}",
year=1921
}

@ARTICLE{1949ApJ...110..205R,
   author = {{Roman}, N.~G.},
    title = "{The Ursa Major Group.}",
  journal = {\apj},
     year = 1949,
    month = sep,
   volume = 110,
    pages = {205-+},
      doi = {10.1086/145199},
   adsurl = {http://adsabs.harvard.edu/abs/1949ApJ...110..205R},
  adsnote = {Provided by the SAO/NASA Astrophysics Data System}
}


@ARTICLE{1954AJ.....59..307R,
   author = {{Roman}, N.~G.},
    title = "{A group of high velocity F-type stars.}",
  journal = {\aj},
     year = 1954,
   volume = 59,
    pages = {307-312},
      doi = {10.1086/107017},
   adsurl = {http://adsabs.harvard.edu/abs/1954AJ.....59..307R},
  adsnote = {Provided by the SAO/NASA Astrophysics Data System}
}

@ARTICLE{1912AJ.....27...96R,
   author = {{Russell}, H.~N.},
    title = "{Stars probably belonging to the 61 Cygni group discovered by Mr. Benjamin BOSS}",
  journal = {\aj},
     year = 1912,
    month = jun,
   volume = 27,
    pages = {96-96},
      doi = {10.1086/103958},
   adsurl = {http://adsabs.harvard.edu/abs/1912AJ.....27...96R},
  adsnote = {Provided by the SAO/NASA Astrophysics Data System}
}

@ARTICLE{2006A&A...445..939S,
   author = {{Schuster}, W.~J. and {Moitinho}, A. and {M{\'a}rquez}, A. and {Parrao}, L. and {Covarrubias}, E.},
    title = "{uvby-{$\beta$} photometry of high-velocity and metal-poor stars. XI. Ages of halo and old disk stars}",
  journal = {\aap},
   eprint = {arXiv:astro-ph/0510313},
 keywords = {stars: fundamental parameters, Galaxy: evolution, Galaxy: formation, Galaxy: halo, Galaxy: kinematics and dynamics, Hertzsprung-Russell (HR) and C-M diagrams},
     year = 2006,
    month = jan,
   volume = 445,
    pages = {939-958},
      doi = {10.1051/0004-6361:20053796},
   adsurl = {http://adsabs.harvard.edu/abs/2006A%26A...445..939S},
  adsnote = {Provided by the SAO/NASA Astrophysics Data System}
}


@ARTICLE{schwarzschild07a,
author={{Schwarzschild}, K.},
title= "{{\"U}ber die Eigenbewegungen der Fixsterne}",
journal="{Nachrichten von der K{\"o}niglichen Gesellschaft der Wissenschaften zu G{\"o}ttingen}",
volume="5",
pages="{614}",
year="1907"
}

@ARTICLE{schwarzschild08a,
author={{Schwarzschild}, K.},
title= "{{\"U}ber die Bestimmung von Vertex und Apex nach der Ellipsoidhypothese aus einer geringeren Anzahl beobachteter Eigenbewegungen}",
journal="{Nachrichten von der K{\"o}niglichen Gesellschaft der Wissenschaften zu G{\"o}ttingen}",
volume="5",
pages="{191}",
year="1908"
}


@INPROCEEDINGS{schwarzschild58a,
author= {{Schwarzschild}, M.},
title="{}",
editor={{O'Connell}, D.~J.~K.},
booktitle="{Stellar Populations: Proceedings of the conference sponsored by the Pontifical Academy of Science and the Vatican Observatory, May 20-28, 1957}",
publisher="{North-Holland Pub.~Co.}",
address= "{Amsterdam}",
year=1958,
pages=207
}

@ARTICLE{2007ApJ...670..313S,
   author = {{Simon}, J.~D. and {Geha}, M.},
    title = "{The Kinematics of the Ultra-faint Milky Way Satellites: Solving the Missing Satellite Problem}",
  journal = {\apj},
archivePrefix = "arXiv",
   eprint = {0706.0516},
 keywords = {Cosmology: Dark Matter, Galaxies: Dwarf, Galaxies: Kinematics and Dynamics, Galaxies: Local Group, Techniques: Radial Velocities},
     year = 2007,
    month = nov,
   volume = 670,
    pages = {313-331},
      doi = {10.1086/521816},
   adsurl = {http://adsabs.harvard.edu/abs/2007ApJ...670..313S},
  adsnote = {Provided by the SAO/NASA Astrophysics Data System}
}


@ARTICLE{1999MNRAS.308..731S,
   author = {{Skuljan}, J. and {Hearnshaw}, J.~B. and {Cottrell}, P.~L.},
    title = "{Velocity Distribution of Stars in the Solar Neighbourhood}",
  journal = {\mnras},
     year = 1999,
   volume = 308,
    pages = {731},
   adsurl = {http://adsabs.harvard.edu/abs/1999MNRAS.308..731S},
  adsnote = {Provided by the SAO/NASA Astrophysics Data System}
}


@ARTICLE{1990A&A...227..301S,
   author = {{Slezak}, E. and {Bijaoui}, A. and {Mars}, G.},
    title = "{Identification of structures from galaxy counts - Use of the wavelet transform}",
  journal = {\aap},
 keywords = {COSMOLOGY, GALACTIC STRUCTURE, UNIVERSE, ASTRONOMICAL CATALOGS, DENSITY DISTRIBUTION, FOURIER TRANSFORMATION, GALACTIC CLUSTERS},
     year = 1990,
    month = jan,
   volume = 227,
    pages = {301-316},
   adsurl = {http://adsabs.harvard.edu/abs/1990A%26A...227..301S},
  adsnote = {Provided by the SAO/NASA Astrophysics Data System}
}

@ARTICLE{1987AJ.....93..920S,
   author = {{Soderblom}, D.~R. and {Clements}, S.~D.},
    title = "{Chromospheric and transition-region emission from young solar-type stars in clusters, kinematic groups, and the field}",
  journal = {\aj},
 keywords = {ECLIPSING BINARY STARS, EMISSION SPECTRA, STAR CLUSTERS, STELLAR ATMOSPHERES, STELLAR EVOLUTION, STELLAR SPECTROPHOTOMETRY, CHROMOSPHERE, IUE, SOLAR NEIGHBORHOOD, SPACEBORNE ASTRONOMY, STELLAR MOTIONS, TRANSITION POINTS},
     year = 1987,
    month = apr,
   volume = 93,
    pages = {920-937},
      doi = {10.1086/114378},
   adsurl = {http://adsabs.harvard.edu/abs/1987AJ.....93..920S},
  adsnote = {Provided by the SAO/NASA Astrophysics Data System}
}

@ARTICLE{1993AJ....105..226S,
   author = {{Soderblom}, D.~R. and {Mayor}, M.},
    title = "{Stellar kinematic groups. I - The Ursa Major group}",
  journal = {\aj},
 keywords = {KINEMATICS, SOLAR NEIGHBORHOOD, STAR CLUSTERS, STAR FORMATION, STELLAR SPECTROPHOTOMETRY, MILKY WAY GALAXY, MOLECULAR CLOUDS, RADIAL VELOCITY},
     year = 1993,
    month = jan,
   volume = 105,
    pages = {226-249},
      doi = {10.1086/116422},
   adsurl = {http://adsabs.harvard.edu/abs/1993AJ....105..226S},
  adsnote = {Provided by the SAO/NASA Astrophysics Data System}
}


@INPROCEEDINGS{1990ebua.conf..407S,
   author = {{Soubiran}, C. and {Gomez}, A.~E. and {Arenou}, F. and {Bougeard}, M.~L.},
    title = "{Analysis of the Mixture of Normal Distributions in Stellar Kinematics: Maximum Likelihood, Bootstrap and Wilks Test}",
booktitle = {Errors, Bias and Uncertainties in Astronomy},
     year = 1990,
   editor = {{Jaschek}, C. and {Murtagh}, F.},
    pages = {407-+},
   adsurl = {http://adsabs.harvard.edu/abs/1990ebua.conf..407S},
  adsnote = {Provided by the SAO/NASA Astrophysics Data System}
}


@Book{Starck06,
author = {{Starck}, J.-L. and {Murtagh}, F.},
title = "{Astronomical Image and Data Analysis}",
publisher = "{Springer}",
year = 2006
}

@ARTICLE{1924ApJ....59..228S,
   author = {{Str{\"o}mberg}, G.},
    title = "{The Asymmetry in Stellar Motions and the Existence of a Velocity-Restriction in Space}",
  journal = {\apj},
     year = 1924,
    month = may,
   volume = 59,
    pages = {228-+},
      doi = {10.1086/142813},
   adsurl = {http://adsabs.harvard.edu/abs/1924ApJ....59..228S},
  adsnote = {Provided by the SAO/NASA Astrophysics Data System}
}


@ARTICLE{2008ApJ...688..277T,
   author = {{Tollerud}, E.~J. and {Bullock}, J.~S. and {Strigari}, L.~E. and 
{Willman}, B.},
    title = "{Hundreds of Milky Way Satellites? Luminosity Bias in the Satellite Luminosity Function}",
  journal = {\apj},
archivePrefix = "arXiv",
   eprint = {0806.4381},
 keywords = {Cosmology: Observations, Galaxies: Dwarf, Galaxies: Halos, Galaxies: Local Group, Surveys},
     year = 2008,
    month = nov,
   volume = 688,
    pages = {277-289},
      doi = {10.1086/592102},
   adsurl = {http://adsabs.harvard.edu/abs/2008ApJ...688..277T},
  adsnote = {Provided by the SAO/NASA Astrophysics Data System}
}

@ARTICLE{1999MNRAS.307..877T,
   author = {{Tremaine}, S.},
    title = "{The geometry of phase mixing}",
  journal = {\mnras},
   eprint = {arXiv:astro-ph/9812146},
     year = 1999,
    month = aug,
   volume = 307,
    pages = {877-883},
      doi = {10.1046/j.1365-8711.1999.02690.x},
   adsurl = {http://adsabs.harvard.edu/abs/1999MNRAS.307..877T},
  adsnote = {Provided by the SAO/NASA Astrophysics Data System}
}

@INPROCEEDINGS{1979LIACo..22..355T,
   author = {{Tuominen}, I.~V. and {Vilhu}, O.},
    title = "{Chemical composition of Wolf 630 moving group giants}",
 keywords = {CHEMICAL COMPOSITION, GIANT STARS, METALLIC STARS, STAR CLUSTERS, ABUNDANCE, ASTRONOMICAL CATALOGS, HYDROGEN, IRON},
booktitle = {Liege International Astrophysical Colloquia},
     year = 1979,
   series = {Liege International Astrophysical Colloquia},
   volume = 22,
    pages = {355-360},
   adsurl = {http://adsabs.harvard.edu/abs/1979LIACo..22..355T},
  adsnote = {Provided by the SAO/NASA Astrophysics Data System}
}


@INPROCEEDINGS{2002SPIE.4836...10T,
   author = {{Tyson}, J.~A.},
    title = "{Large Synoptic Survey Telescope: Overview}",
booktitle = {Society of Photo-Optical Instrumentation Engineers (SPIE) Conference Series},
     year = 2002,
   series = {Society of Photo-Optical Instrumentation Engineers (SPIE) Conference Series},
   volume = 4836,
   editor = {{Tyson}, J.~A. and {Wolff}, S.},
    month = dec,
    pages = {10-20},
      doi = {10.1117/12.456772},
   adsurl = {http://adsabs.harvard.edu/abs/2002SPIE.4836...10T},
  adsnote = {Provided by the SAO/NASA Astrophysics Data System}
}



@BOOK{2007ASSL..250.....V,
   author = {{van Leeuwen}, F.},
    title = "{Hipparcos, the New Reduction of the Raw Data}",
     year = 2007,
   series = {Astrophysics and Space Science Library},
   volume = 250,
publisher ="{Springer}",
   adsurl = {http://adsabs.harvard.edu/abs/2007ASSL..250.....V},
  adsnote = {Provided by the SAO/NASA Astrophysics Data System}
}

@ARTICLE{2007A&A...474..653V,
   author = {{van Leeuwen}, F.},
    title = "{Validation of the New Hipparcos Reduction}",
  journal = {\aap},
archivePrefix = "arXiv",
     year = 2007,
   volume = 474,
    pages = {653},
   adsurl = {http://adsabs.harvard.edu/abs/2007A%26A...474..653V},
  adsnote = {Provided by the SAO/NASA Astrophysics Data System}
}


@INPROCEEDINGS{2009IAUS..254..139W,
   author = {{Williams}, M.~E.~K. and {Freeman}, K.~C. and {Helmi}, A. and 
{the RAVE collaboration}},
    title = "{The Arcturus Moving Group: Its Place in the Galaxy}",
 keywords = {Galaxy: abundances, galaxy: kinematics and dynamics, galaxy: structure},
booktitle = {IAU Symposium},
     year = 2009,
   volume = 254,
   editor = {{Andersen}, J. and {Bland-Hawthorn}, J. and {Nordstr{\"o}m}, B.
},
    month = mar,
    pages = {139-144},
      doi = {10.1017/S1743921308027518},
   adsurl = {http://adsabs.harvard.edu/abs/2009IAUS..254..139W},
  adsnote = {Provided by the SAO/NASA Astrophysics Data System}
}


@ARTICLE{1971MNRAS.153..171W,
   author = {{Williams}, P.~M.},
    title = "{Stellar compositions from narrow-band photometry - I. Iron abundances in 180 G and K giants.}",
  journal = {\mnras},
     year = 1971,
   volume = 153,
    pages = {171-193},
   adsurl = {http://adsabs.harvard.edu/abs/1971MNRAS.153..171W},
  adsnote = {Provided by the SAO/NASA Astrophysics Data System}
}


@ARTICLE{1966Sci...151.1487W,
   author = {{Wilson}, O.~C.},
    title = "{Stellar Chromospheres}",
  journal = {Science},
     year = 1966,
    month = mar,
   volume = 151,
    pages = {1487-1498},
      doi = {10.1126/science.151.3717.1487},
   adsurl = {http://adsabs.harvard.edu/abs/1966Sci...151.1487W},
  adsnote = {Provided by the SAO/NASA Astrophysics Data System}
}

@ARTICLE{1938AJ.....47...49R,
   author = {{Wilson}, R.~E.},
    title = "{The Taurus cluster and groups}",
  journal = {\aj},
     year = 1932,
    month = aug,
   volume = 42,
    pages = {49-65},
      doi = {10.1086/105110},
   adsurl = {http://adsabs.harvard.edu/abs/1932AJ.....42...49W},
  adsnote = {Provided by the SAO/NASA Astrophysics Data System}
}

@article{Windham,
author={{Windham}, M.~P. and {Cutler}, A.},
title="{Information ratios for validating mixture analyses}",
journal="{J.~Am.~Stat.~Assoc.}",
volume=87,
pages=1188,
year=1992
}

@ARTICLE{1968MNRAS.139..231W,
   author = {{Woolley}, R.~S. and {Candy}, M.~P.},
    title = "{Perturbations of galactic orbits by irregularities in the gravitational field-I. Motion in the galactic plane}",
  journal = {\mnras},
     year = 1968,
   volume = 139,
    pages = {231-+},
   adsurl = {http://adsabs.harvard.edu/abs/1968MNRAS.139..231W},
  adsnote = {Provided by the SAO/NASA Astrophysics Data System}
}


@ARTICLE{2009ApJ...692L.113Z,
   author = {{Zhao}, J. and {Zhao}, G. and {Chen}, Y.},
    title = "{A Catalog of Moving Group Candidates in the Solar Neighborhood}",
  journal = {\apjl},
archivePrefix = "arXiv",
   eprint = {0902.1370},
 keywords = {solar neighborhood, stars: abundances, stars: kinematics },
     year = 2009,
    month = feb,
   volume = 692,
    pages = {L113-L117},
      doi = {10.1088/0004-637X/692/2/L113},
   adsurl = {http://adsabs.harvard.edu/abs/2009ApJ...692L.113Z},
  adsnote = {Provided by the SAO/NASA Astrophysics Data System}
}
