@STRING{statproblett = "Statist. and Probab. Letters"}
@STRING{JRoyStatSocB = "Journal of the Royal Statistical Society. Series B (Methodological)"} 
@STRING{StatComp = "Statistics and Computing"}
@STRING{JAmStatAssoc = "Journal of the Americal Statistical Association"}
@STRING{AnnStat = "Ann. Statist."}
@STRING{JStatCompSim = "Journal of Statistical Computation and Simulation"}
@STRING{SIAMREV = "SIAM Review"}


@book{Press07a,
author={{Press}, W.~H. and {Teukolsky}, S.~A. and {Vetterling}, W.~T. and {Flannery}, B.~P.},
title="{Numerical Recipes: The Art of Scientific Computing}",
publisher="{Cambridge University Press}",
year=2007,
edition="2nd"
}

@book{Carroll06a,
author={{Carroll}, R.~J. and {Ruppert}, D. and {Stefanski}, L.~A. and {Crainiceanu}, C.~M.},
title={Measurement Error in Nonlinear Models: A Modern Perspective},
publisher="{Chapman \& Hall/CRC}",
year=2006,
address={Boca Raton, FL},
edition="2nd"
}

@ARTICLE{2007ApJ...665.1489K,
   author = {{Kelly}, B.~C.},
    title = "{Some Aspects of Measurement Error in Linear Regression of Astronomical Data}",
  journal = {\apj},
     year = 2007,
   volume = 665,
    pages = {1489},
   adsurl = {http://adsabs.harvard.edu/abs/2007ApJ...665.1489K},
  adsnote = {Provided by the SAO/NASA Astrophysics Data System}
}

@ARTICLE{Stefanski90a,
   author = {{Stefanski}, L.~A. and {Carroll}, R.~J.},
    title = "{Deconvoluting kernel density estimators}",
  journal = {Statistics},
     year = 1990,
   volume = 21,
    pages = {169},
}

@ARTICLE{Schafer93a,
author= {{Schafer}, D.~W.},
title= {Likelihood analysis for probit regression with measurement errors},
journal= {Biometrika},
year= 1993,
volume= 80,
pages= 899
}

@ARTICLE{Schafer96a,
author= {{Schafer}, D.~W. and {Purdy}, K.~G.},
title= {Likelihood analysis for errors-in-variables regression with replicate measurements},
journal= {Biometrika},
year= 1996,
volume= 83,
pages=813
}

@ARTICLE{Zhang90a,
   author = {{Zhang}, C.-H.},
    title = {Fourier methods for estimating mixing densities and distributions},
  journal = AnnStat,
     year = 1990,
   volume = 18,
    pages = {806},
}

@ARTICLE{Delaigle08a,
   author = {{Delaigle}, A. and {Meister}, A.},
    title = {Density estimation with heteroscedastic error},
  journal = {Bernoulli},
     year = 2008,
   volume = 14,
    pages = {562},
}

@ARTICLE{Staudenmayer08a,
   author = {{Staudenmayer}, J. and {Ruppert}, D. and {Buonaccorsi}, J.},
    title = {Density Estimation in the Presence of Heteroscedastic Measurement Error},
  journal = {J.~Am.~Stat.~Assoc.},
     year = 2008,
   volume = 103,
    pages = {726},
}

@ARTICLE{Jasra05a,
   author = {{Jasra}, A. and {Holmes}, C.~C. and {Stephens}, D.~A.},
    title = "{{M}arkov {C}hain {M}onte {C}arlo methods and the label switching problem in {B}ayesian mixture modeling}",
  journal = {Statist.~Sci.},
     year = 2005,
   volume = 20,
    pages = {50},
}

@inproceedings{rasmussen00infinite,
  author = "C. Rasmussen",
  title = "{The Infinite Gaussian Mixture Model}",
  editor = {{Solla}, S.~A. and {Leen}, T.~K. and {Muller}, K.-R.},
  booktitle="{Advances in Neural Information Processing Systems 12}",
  publisher="{MIT Press}",
  pages=554,
  year = 2000
}

@PHDTHESIS{Beal03,
author= {{Beal}, M.~J.},
title="{Variational Algorithms for Approximate Bayesian Inference}",
school="{Gatsby Computational Neuroscience Unit, University College London}",
year=2003
}

@INPROCEEDINGS{Ghahramani00variationalinference,
    author = {{Ghahramani}, Z. and {Beal}, M.~J.},
    title = "{Variational Inference for Bayesian Mixtures of Factor Analysers}",
    booktitle = {Advances in Neural Information Processing Systems 12},
  editor = {{Solla}, S.~A. and {Leen}, T.~K. and {Muller}, K.-R.},
    year = {2000},
    pages = {449},
    publisher = {MIT Press}
}

@BOOK{Golub96,
author={{Golub}, G.~H. and {Van Loan}, C.~F.},
title="{Matrix Computations}",
year = 1996,
publisher= "{Johns Hopkins University Press}",
address="{Baltimore}"
}

@ARTICLE{1969E&PSL...5..320Y,
   author = {{York}, D.},
    title = "{Least Squares Fitting of a Straight Line with Correlated Errors}",
  journal = {Earth Planet.~Sci.~Lett.},
     year = 1969,
   volume = 5,
    pages = {320},
   adsurl = {http://adsabs.harvard.edu/abs/1969E%26PSL...5..320Y},
  adsnote = {Provided by the SAO/NASA Astrophysics Data System}
}


@ARTICLE{1966CaJPh..44.1079Y,
   author = {{York}, D.},
    title = "{Least-squares Fitting of a Straight Line}",
  journal = {Canadian J.~Phys.},
     year = 1966,
   volume = 44,
    pages = {1079},
   adsurl = {http://adsabs.harvard.edu/abs/1966CaJPh..44.1079Y},
  adsnote = {Provided by the SAO/NASA Astrophysics Data System}
}


@ARTICLE{1966JGR....71.5459M,
   author = {{McIntyre}, G.~A. and {Brooks}, C. and {Compston}, W. and {Turek}, A.},
    title = "{The Statistical Assessment of Rb-Sr Isochrons}",
  journal = {\jgr},
     year = 1966,
   volume = 71,
    pages = {5459},
   adsurl = {http://adsabs.harvard.edu/abs/1966JGR....71.5459M},
  adsnote = {Provided by the SAO/NASA Astrophysics Data System}
}


@ARTICLE{1977A&A....54..661T,
   author = {{Tully}, R.~B. and {Fisher}, J.~R.},
    title = "{A New Method of Determining Distances to Galaxies}",
  journal = {\aap},
     year = 1977,
   volume = 54,
    pages = {661},
   adsurl = {http://adsabs.harvard.edu/abs/1977A%26A....54..661T},
  adsnote = {Provided by the SAO/NASA Astrophysics Data System}
}


@ARTICLE{2000ApJ...529..698S,
   author = {{Sakai}, S. and others},
title = "{The Hubble Space Telescope Key Project on the Extragalactic Distance Scale. XXIV. The Calibration of Tully-Fisher Relations and the Value of the Hubble Constant}",
  journal = {\apj},
     year = 2000,
   volume = 529,
    pages = {698},
      doi = {10.1086/308305},
   adsurl = {http://adsabs.harvard.edu/abs/2000ApJ...529..698S},
  adsnote = {Provided by the SAO/NASA Astrophysics Data System}
}

@ARTICLE{1990ApJ...364..104I,
   author = {{Isobe}, T. and {Feigelson}, E.~D. and {Akritas}, M.~G. and {Babu}, G.~J.},
    title = "{Linear Regression in Astronomy}",
  journal = {\apj},
 keywords = {ASTRONOMY, LEAST SQUARES METHOD, REGRESSION ANALYSIS, COMPUTATIONAL ASTROPHYSICS, GALAXIES, SLOPES},
     year = 1990,
   volume = 364,
    pages = {104},
      doi = {10.1086/169390},
   adsurl = {http://adsabs.harvard.edu/abs/1990ApJ...364..104I},
  adsnote = {Provided by the SAO/NASA Astrophysics Data System}
}


@ARTICLE{1992ApJ...397...55F,
   author = {{Feigelson}, E.~D. and {Babu}, G.~J.},
    title = "{Linear Regression in Astronomy. II}",
  journal = {\apj},
     year = 1992,
   volume = 397,
    pages = {55},
      doi = {10.1086/171766},
   adsurl = {http://adsabs.harvard.edu/abs/1992ApJ...397...55F},
  adsnote = {Provided by the SAO/NASA Astrophysics Data System}
}

@Incollection{Broniatowksi83,
author = {{Broniatowski}, M. and {Celeux}, G. and {Diebolt}, J.},
title = "{Reconaissance de Densit{\'e}s par un Algorithme d'Apprentissage Probabiliste}",
booktitle= "{Data Analysis and Informatics Vol.~3}",
publisher = {North-Holland},
address = {Amsterdam},
year = 1983,
pages = 359
}

@article{Celeux85a,
author = {{Celeux}, G. and {Diebolt}, J.},
title = "{The {SEM} Algorithm: a Probabilistic Teacher Algorithm Derived from the {EM} Algorithm for the Mixture Problem}",
journal = "{Comp.~Stat.~Quart}",
volume = 2,
pages = 73,
year = 1985
}

@inproceedings{Celeux86a,
author = {{Celeux}, G. and {Diebolt}, J.},
title = "{The {SEM} and {EM} Algorithms for Mixtures: Numerical and Statistical Aspects}",
booktitle ="{Proceedings of the 7th Franco-Belgium Meeting of Statistics}",
publisher = "{Publication des Facult{\'e}s Universitaires St.~Louis}",
address = {Brussels},
year = 1986
}

@article{Celeux86b,
author = {{Celeux}, G. and {Diebolt}, J.},
title = "{L'Algorithme {SEM}: un Algorithme d'Apprentissage Probabiliste pour la Reconnaisance de M{\'e}langes de Densit{\'e}s}",
journal = "{Rev.~de Stat.~Appl.}",
volume = 34,
pages = 35,
year = 1986
}

@article{Richardson97a,
author={{Richardson}, S. and {Green}, P.~J.},
title="{On Bayesian Analysis of Mixtures with an Unknown Number of Components}",
journal=JRoyStatSocB,
volume="59",
pages="731",
year=1997
}

@article{diebolt94a,
author={{Diebolt}, J. and {Robert}, C.~P.},
title="{Estimation of Finite Mixture Distributions through Bayesian Sampling}",
journal=JRoyStatSocB,
volume="56",
pages="363",
year=1994
}

@article{stone74a,
author={{Stone}, M.},
title="{Cross-validation Choice and Assessment of Statistical Predictions}",
journal=JRoyStatSocB,
volume="36",
pages="111",
year="1974"
}

@article{Wolfe70a,
author={{Wolfe}, J.~H.},
title="{Pattern Clustering by Multivariate Mixture Analysis}",
journal= "{Multivariate Behavioral Research}",
volume="5",
pages="329",
year="1970"
}

@Article{Day69a,
author={{Day}, N.~E.},
title="{Estimating the Components of a Mixture of Normal Distributions}",
journal="{Biometrika}",
volume="56",
pages="463",
year = "1969"
}

@BOOK{Mackay2003,
author = {{MacKay}, D.~J.~C.},
title = "{Information Theory, Inference, and Learning Algorithms}",
publisher = "{Cambridge University Press}",
year = {2003}
}

@Book{Gelman00a,
author = {{Gelman}, A. and {Carlin}, J.~B. and {Stern}, H.~S. and {Rubin}, D.~B.},
title= "{Bayesian Data Analysis}",
publisher ="{Chapman \& Hall/CRC}",
year = "2000"
}


@ARTICLE{Redner1984,
author = {{Redner}, R.~A. and {Walker}, H.~F.},
title = "{Mixture Densities, Maximum Likelihood and the EM algorithm}",
journal = SIAMREV,
volume = "26",
pages = "195",
year = "1984"
}

@BOOK{Lehmann1983,
author = {{Lehmann}, E.~L.},
title = "{Theory of point estimation}",
publisher = "{Wiley}",
address = "New York",
year = "1983"
}

@BOOK{Stuart1994,
author = {{Stuart}, A. and {Ord}, J.~K.~},
title = "{Kendall's Advanced Theory of Statistics Vol 2: Classical Inference and Relationship}",
publisher = "{Charles Griffin}",
address = "London",
year = "1994"
}

@BOOK{Cox1974,
author = {{Cox}, D.~R. and {Hinkley}, D.},
title = "{Theoretical Statistics}",
publisher = "{Chapman \& Hall}",
year = "1974"
}

@BOOK{Rao1973,
author = {{Rao}, C.~R.},
title = "{Linear Statistical Inference and its Applications}",
publisher = "{Wiley}",
edition = {Second Edition},
address = "New York",
year = "1973"
}

@BOOK{McLachlan1988,
author = {{McLachlan}, G.~J. and {Basford}, K.},
title = "{Mixture Models: Inference and Application to Clustering}",
publisher = {Marcel Dekker},
year = {1988}
}

@INPROCEEDINGS{Kambhatla1995,
author = {{Kambahtla}, N. and {Leen}, T.~K.},
title = "{Classifying with Gaussian mixtures and clusters}",
booktitle = "{Advances in Neural Information Processing Systems 7}",
publisher = "MIT Press",
address = {Cambridge, MA},
pages = {681},
year = {1995}
}

@BOOK{Rabiner1993,
author = {{Rabiner}, L. and {Biing-Hwang}, J.},
title = "{Fundamentals of Speech Recognition}",
publisher = "{PTR Prentice-Hall}",
year = "1993"
}

@INPROCEEDINGS{Ghahramani1994,
author = {{Ghahramani}, Z. and {Jordan}, M.~I.},
title = "{Supervised Learning from Incomplete Data via an EM approach}",
booktitle = "{Advances in Neural Information Processing Systems 6}",
year = "1994",
editor = {{Cowan}, J.~D. and {Tesauro}, G. and {Alspector}, J.},
publisher = "{Morgan Kaufman Publishers}",
address = "San Francisco"
}

@TECHREPORT{Ghahramani1994b,
author = {{Ghahramani}, Z. and {Jordan}, M.~I.},
title = "{Learning from Incomplete Data}",
year = "1994",
institution = "{CBCL Technical Report {$\#$} 108. Center for Biological and Computational Learning. MIT}"
}

@INPROCEEDINGS{Meng1989,
author = {{Meng}, X.~L. and {Rubin}, D.~B.},
title = "{Obtaining Asymptotic Variance-Covariance Matrices for Missing-Data Problems using EM}",
booktitle = "{Proceedings of the Statistical Computing Section, American Statistical Association}",
pages = "140",
address = "{Alexandria, VA}",
publisher = "{American Statistical Association}",
year = "1989"
}

@ARTICLE{Meng1991,
author = {{Meng}, X.~L. and {Rubin}, D.~B.},
title = "{Using EM to Obtain Asymptotic Variance-Covariance Matrices: the SEM Algorithm}",
journal = JAmStatAssoc,
volume = "86",
pages = {899},
year = "1991"
}

@ARTICLE{Efron1979,
author = {{Efron}, B.},
title = "{Bootstrap Methods: Another Look at the Jackknife}",
journal = AnnStat,
volume = "7",
pages = "1",
year = "1979"
}

@BOOK{Efron1993,
author = {{Efron}, B. and {Tibshirai}, R.},
title = "{An Introduction to the Bootstrap}",
publisher = "{Chapman \& Hall}",
address = "London",
year = "1993"
}

@ARTICLE{Jamshidian1993,
author = {{Jamshidian}, M. and {Jennrich}, R.~I.},
title = "{Conjugate Gradient Acceleration of the EM Algorithm}",
journal = JAmStatAssoc,
volume = "88",
pages = {221},
year = "1993"
}

@ARTICLE{Louis1982,
author = {{Louis}, T.~A.},
title = "{Finding the Observed Information Matrix when Using the EM Algorithm}",
journal = JRoyStatSocB,
volume = "44",
pages = "226",
year = "1982"
}

@ARTICLE{Wu1983,
author = {{Wu}, C.~F.~J},
title = "{On the Convergence Properties of the EM Algorithm}",
journal = AnnStat,
year = "1983",
volume = "11",
pages = {95}
}

@ARTICLE{Meng1993,
author = {{Meng}, X.~L. and {Rubin}, D.~B.},
title = "{Maximum Likelihood Estimation via the ECM Algorithm: A General Framework}",
journal = "Biometrika",
volume = {80},
pages = {267},
year = "1993"
}

@ARTICLE{Liu1994,
author ={{Liu}, C. and {Rubin}, D.~B.},
title = "{The ECME Algorithm: A Simple Extension of EM and ECM with Faster Monotone Convergence}",
journal = "Biometrika",
year = "1994",
volume = 81,
pages = "633"
}

@BOOK{McLachlan1997,
author = {{McLachlan}, G.~J. and {Krishnan}, T.},
title = "{The EM Algorithm and Extensions}",
publisher = "{John Wiley \& Sons}",
year = "1997",
series = "{Wiley Series in Probability and Statistics}"
}

@ARTICLE{Hathaway1986,
author = {{Hathaway}, R.~J.},
title = "{Another Interpretation of EM Algorithm for Mixture Distributions}",
journal = statproblett,
year = "1986",
volume = 4,
pages = "53"
}

@INPROCEEDINGS{Neal1998,
author = {{Neal}, R.~N. and {Hinton}, G.~E.},
title = "{A View of the EM Algorithm that Justifies Incremental, Sparse and Other Variants}",
booktitle = "{Learning in Graphical Models}",
editor = {{Jordan}, M.~I.},
pages = "195",
publisher = "Kluwer Academic Publishers",
address = "Dordrecht",
year = "1998"
}

@ARTICLE{Dempster1977,
author = {{Dempster}, A.~P. and {Laird}, N.~M. and {Rubin}, D.~B},
title = "{Maximum Likelihood from Incomplete Data via the EM algorithm}",
journal = JRoyStatSocB,
volume = "39",
pages = "1",
year = "1977"
}

@ARTICLE{Atkinson1992,
author = {{Atkinson}, S.~E.},
title = "{The Performance of Standard and Hybrid EM Algorithms for ML Estimates of the Normal Mixture Model with Censoring}",
journal = JStatCompSim,
volume = "44",
pages = {105},
year = "1992"
}

@ARTICLE{Jones1992,
author = {{Jones}, P.~N. and {McLachlan}, G.~J.},
title = "{Improving the Convergence Rate of the EM Algorithm for a Mixture Model Fitted to Grouped Truncated Data}",
journal = JStatCompSim,
volume = "43",
pages = {31},
year = "1992"
}

@ARTICLE{Aitkin1996,
author = {{Aitkin}, M. and {Aitkin}, I.},
title = "{A Hybrid EM/Gauss-Newton Algorithm for Maximum Likelihood in Mixture Distributions}",
journal = StatComp,
volume = "6",
pages = "127",
year = "1996"
}

@ARTICLE{Karlis1999,
author = {{Karlis}, D. and {Xekalaki}, E.},
title = "{Improving the EM algorithm for mixtures}",
journal = StatComp,
volume = "9",
pages = "303",
year = "1999"
}

@ARTICLE{Lange1995,
author = {{Lange}, K.},
title = "{A Quasi-Newton Acceleration of the EM Algorithm}",
journal = "{Statistica Sinica}",
volume = "5",
pages = "1",
year = "{1995}"
}

@ARTICLE{Laird1987,
author = {{Laird}, N.~M. and {Lange}, N. and {Stram}, D.},
title = "{Maximum likelihood computations with repeated measures: Application of the EM algorithm}",
journal = JAmStatAssoc,
volume = "82",
pages = "97",
year = 1987
}

@ARTICLE{Laird1982,
author = {{Laird}, N.~M. and {Ware}, J.~H.},
title = "{Random-effects models for longitudinal data}",
journal = "Biometrics",
volume = "38",
pages = "963",
year = "1982"
}

@ARTICLE{Harville1977,
author = {{Harville}, D.~A.},
title = "{Maximum likelihood approaches to variance component estimation and to related problems}",
journal = JAmStatAssoc,
volume = "72",
pages = "320",
year = "1977"
}

@INPROCEEDINGS{Naonori1998,
 author = {{Ueda}, N. and {Nakano}, R. and {Ghahramani}, Z. and {Hinton}, G.~E.},
 title = "{Split and Merge EM Algorithm for Improving Gaussian Mixture Density Estimates}",
booktitle = "{Neural Networks for Signal Processing VIII, 1998. Proceedings of the 1998 IEEE Signal Processing Society Workshop}",
year = "1998",
pages = "274"
}

@INPROCEEDINGS{Ormoneit1995,
author = {{Ormoneit}, D. and {Tresp}, V.},
title = "{Improved Gaussian Mixture Density Estimates Using Bayesian Penalty Terms and Network Averaging}",
editor    = {{Touretzky}, D.~S. and {Mozer}, M. and {Hasselmo}, M.~E.},
booktitle     = "{Advances in Neural Information Processing Systems 8, NIPS, Denver,CO, November 27-30, 1995}",
publisher = {MIT Press},
year      = {1996},
}

@BOOK{Silverman86a,
author= {{Silverman}, B.~W.},
title= "{Density Estimation for Statistics and Data Analysis}",
publisher ="{Chapman and Hall}",
year = "1986"
}

