@STRING{statproblett = "Statist. and Probab. Letters"}
@STRING{JRoyStatSocB = "Journal of the Royal Statistical Society. Series B (Methodological)"} 
@STRING{StatComp = "Statistics and Computing"}
@STRING{JAmStatAssoc = "Journal of the Americal Statistical Association"}
@STRING{AnnStat = "Ann. Statist."}
@STRING{JStatCompSim = "Journal of Statistical Computation and Simulation"}
@STRING{SIAMREV = "SIAM Review"}



@TECHREPORT{baxter94a,
author={{Baxter}, R.~A. and {Oliver}, J.~J.},
title="{MDL and MML: Similarities and Differences}",
institution ="Department of Computer Science, Monash University",
year="1994",
address="Clayton, Vic. 3168, Australia",
number="Tech Report 207"
}

@techreport{baxter95a,
author= {{Baxter}, R.~A.},
title="{Finding Overlapping Distributions with MML}",
institution="{Dept. of Computer Science, Monash University}",
year= "1995",
address="Clayton, Vic. 3168, Australia",
number="{Tech. report 244}"
}

@article{kolmogorov65a,
author={{Kolmogorov}, A. N.},
title="{Three approaches to the quantitative definition of information}",
journal="{Problems.~Inform.~Transmission}",
volume=1,
pages=1,
year=1965
}

@article{solomonoff64a,
author={{Solomonoff}, R.},
title="{A formal theory of inductive inference, part 1}",
journal="{Information and Control}",
volume=7,
pages=1,
year=1964
}

@article{solomonoff64b,
author={{Solomonoff}, R.},
title="{A formal theory of inductive inference, part 2}",
journal="{Information and Control}",
volume=7,
pages=224,
year=1964
}

@TECHREPORT{oliver94a,
author={{Oliver}, J.~J. and {Baxter}, R.~A.},
title="{MML and Bayesianism: Similarities and Differences}",
institution ="Dept. of Computer Science, Monash University",
year="1994",
address="Clayton, Vic. 3168, Australia",
number="Tech Report 206"
}

@TECHREPORT{oliver94b,
author={{Oliver}, J.~J. and {Hand}, D.},
title="{Introduction to Minimum Coding Inference}",
institution ="Department of Computer Science, Monash University",
year="1994",
address="Clayton, Vic. 3168, Australia",
number="Tech Report 205"
}

@INPROCEEDINGS{Oliver96a,
    author = {{Oliver}, J.~J. and {Baxter}, R.~A. and {Wallace}, C.~S.},
    title = "{Unsupervised Learning Using MML}",
    booktitle = {In Machine Learning: Proceedings of the Thirteenth International Conference (ICML 96},
    year = {1996},
    pages = {364},
    publisher = {Morgan Kaufmann Publishers}
}

@article{schwarz78a,
author={{Schwarz}, G.},
title="{Estimating the dimension of a model}",
journal="{Ann.~Stat.}",
volume=6,
pages=461,
year=1978
}

@article{rissanen78a,
author={{Rissanen}, J.},
title="{Modeling by Shortest Data Description}",
journal="{Automatica}",
volume="14",
pages="465",
year="1978"
}


@article{roberts98a,
author ={{Roberts}, S.~J. and {Husmeier}, D. and {Rezek}, I. and {Penny}, W.},
title="{Bayesian Approaches to Gaussian Mixture Modeling}",
journal= "IEEE Transactions on Pattern Analysis and Machine Intelligence",
volume="20",
pages="1133",
year="1998"
}

@article{Schwartz78a,
author={{Schwartz}, G.},
title="{Estimating the Dimension of a Model}",
journal="{The Annals of Statistics}",
volume="{6}",
pages="461",
year="1978"
}

@article{wallace68a,
author={{Wallace}, C.~S. and {Boulton}, D.~M.},
title="{An Information Measure for Classification}",
journal="{Computer Journal}",
volume="11",
pages="185",
year="1968"
}
@article{wallace70a,
author={{Boulton}, D.~M. and {Wallace}, C.~S.},
title="{A Program for Numerical Classification}",
journal="{Computer Journal}",
volume="13",
pages="63",
year="1970"
}

@article{Wallace99a,
author={{Wallace}, C. S. and {Dowe}, D. L.},
title="{Minimum message length and Kolmogorov Complexity}",
journal="{The Computer Journal}",
volume=42,
pages=270,
year=1999
}

@book{wallacebook,
author={{Wallace}, C. S.},
title="{Statistical and inductive inference by minimum message length}",
publisher="{Springer}",
year=2004
}

@book{Grunwaldbook,
author={{Gr{\"u}nwald}, P. D.},
title="{The minimum description length principle}",
publisher="{MIT Press}",
address={Cambridge, Massachusetts},
year=2007
}



@article{wallace87a,
author={{Wallace}, C.~S. and {Freeman}, P.~R.},
title="{Estimation and Inference by Compact Coding}",
journal=JRoyStatSocB,
volume="49",
pages="240",
year="1987"
}

@book{conway92a,
author={{Conway}, J. H. and {Sloane}, N. J. A.},
title="{Sphere Packings, Lattices and Groups}",
publisher="{Springer-Verlag}",
address={London},
year=1992
}

@article{zador82,
author={{Zador}, P. L.},
title="{Asymptotic quantization error of continuous signals and their quantization dimension}",
journal="{IEEE~Trans.~Information theory}",
volume=28,
pages=139,
year=1982
}

@phdthesis{zador63,
author={{Zador}, P. L.},
title="{Development and evolution of procedures for quantizing multivariate distributions}",
school={Stanford U.},
year=1963
}